3519 5416
559 479 598 538 8
1666 493 1899 540 11111199.

1659 669 1907 728 ΔΑΟΣ.

2336 755 2467 838 ἐρῶ.

1631 850 1690 905 Γ
1690 848 1931 906 ΕΤΑΣ.

971 933 1189 996 ’πλέον
1238 936 1418 997 δυοῖν
1464 953 1564 997 σοι
1609 936 1896 1015 χοινίκων
1944 932 1976 996 ὁ
2025 935 2320 1014 δεσπότης

1008 1048 1281 1130 παρέχεις
1327 1048 1634 1130 πονηρόν,
1681 1044 1827 1110 Δᾶ’.
1874 1047 2295 1129 ’ὑπερδειπνεῖς
2336 1050 2499 1124 ἴσως.

1005 1263 1292 1326 πέπονθα
1337 1264 1448 1343 τὴν
1494 1178 2184 1345 ψυχήῖῗιοξοιιδίσκην
2232 1262 2393 1346 ὁρῶν

1005 1377 1534 1458 σνντρεφομένην,
1581 1377 1845 1458 ἄκακον,
1886 1375 2009 1440 κατ’
2066 1377 2358 1458 ἐμαυτόν,
2386 1372 2451 1440 ,ὦ
2498 1377 2666 1440 Pica.

1628 1510 1687 1566 Γ
1683 1509 1928 1566 ΕΤΑΣ.

567 1599 650 1657 20
1015 1596 1204 1674 δούλη
1251 1593 1438 1671 ἑστίη

1661 1687 1908 1746 ΔΑΟΣ.

1480 1773 1672 1847 οὕτως
1717 1770 1944 1858 ἡσυχῇ,
1987 1775 2215 1855 τρόπον
2260 1774 2412 1834 τινά.
2462 1831 2465 1834 ⁴

1007 1885 1240 1964 ποιμὴν
1287 1885 1401 1967 γὰρ
1445 1879 1525 1966 ἦν
1579 1888 1817 1966 Τίβειος
1864 1888 2049 1950 οἰκῶν
2098 1886 2323 1950 ἐνθαδὶ

633 2030 694 2076 17
731 2030 972 2088 sq.=fr.
1007 2043 1139 2077 eom.
1176 2028 1356 2090 ndeep.
1394 2031 1507 2076 444.

633 2109 710 2155 17.
741 2106 900 2156 *Post
933 2109 1129 2173 παρέχοι
1163 2107 1352 2170 scripsi
1385 2109 1590 2169 signum
1628 2110 2001 2170 interrogandi.

631 2187 693 2232 21
732 2199 808 2245 sq.
838 2186 1283 2247 Sic-interpunxit
1315 2188 1438 2241 Leo,
1474 2189 1588 2235 Les.
1625 2189 1810 2244 δνθαόί,
1840 2187 1849 2249 Ι
1884 2193 1970 2236 Πτ.
2006 2193 2215 2247 γεγονώς.
2252 2192 2351 2235 cet.

649 2311 722 2364 16
766 2325 855 2377 sq.
905 2311 1044 2366 Una
1089 2311 1346 2366 choenix
1393 2313 1468 2367 ad
1511 2312 1738 2368 victum

563 2401 980 2469 quotidianum
1018 2403 1169 2458 satis
1199 2407 1326 2459 erat
1349 2401 1412 2474 1),
1435 2405 1551 2459 duo
1574 2405 1738 2459 uber-

565 2493 740 2564 tatis,
782 2495 918 2562 plus
958 2494 1285 2551 heluantiS.
1319 2497 1496 2551 Iocus
1531 2499 1737 2552 autem

567 2586 742 2642 rediit
782 2587 844 2642 in
885 2587 1000 2643 hoo
1033 2587 1324 2655 colloquio
1364 2590 1518 2644 eirca
1557 2589 1738 2644 finem

565 2681 726 2736 teste
776 2679 1118 2749 fragmento
1173 2681 1411 2737 aliunde
1466 2682 1738 2751 cognito:

569 2775 683 2828 ΔΑ.
722 2775 1018 2828 οὐπώποτ’
1050 2776 1313 2843 ἠράσθης,
1353 2777 1514 2839 Γέτας
1554 2778 1639 2830 ΓΕ.
1673 2778 1740 2830 οὐ

567 2868 673 2934 γὰρ
715 2868 1059 2935 ἐνεπλήσθην
1095 2864 1158 2933 2).
1200 2868 1450 2936 Tragioa
1485 2868 1742 2924 dictione

568 2960 844 3015 ornatius
885 2960 970 3015 sic
1016 2959 1376 3016 efferebatur
1416 2960 1529 3017 hoc
1568 2960 1742 3017 dicte·

567 3052 758 3107 rium:
821 3055 1015 3121 πλήρει
1089 3055 1197 3120 γὰρ
1272 3056 1423 3123 ὄγκῳ
1503 3056 1744 3123 γαστρὸς

571 3147 792 3199 αὔξεται
851 3146 1049 3213 Κύπρις
1090 3142 1134 3210 3)
1188 3148 1281 3202 et:
1334 3149 1393 3201 ἐν
1447 3152 1739 3218 πλησμονῇ

569 3256 657 3291 τοι
701 3239 916 3305 Κύπρις,
959 3240 1018 3292 ἐν
1059 3244 1320 3294 πεινῶντι
1361 3242 1425 3293 δ’
1466 3242 1532 3293 οὔ
1564 3236 1625 3305 4).
1669 3240 1743 3295 Et

571 3332 831 3397 cognato
885 3330 1012 3386 ioco
1067 3331 1130 3386 in
1174 3332 1482 3388 comoedia
1519 3333 1744 3389 dictum

570 3425 697 3478 est:
756 3424 942 3491 ἔρωτα
997 3426 1112 3479 λύει
1172 3427 1340 3492 λιμός,
1406 3427 1473 3478 ἂν
1527 3428 1588 3481 δὲ
1651 3429 1743 3494 μή,

573 3518 770 3583 βρόχος
804 3512 866 3581 5).

657 3608 748 3663 17.
812 3610 1085 3678 πονηρόν]
1161 3611 1324 3665 mala
1388 3627 1505 3679 ree,
1571 3616 1742 3668 nocet.

569 3701 726 3757 Item
769 3701 934 3757 alibi:
977 3706 1244 3772 πονηρόν,
1290 3706 1439 3759 ἄθλιε
1487 3701 1549 3769 6).

666 3826 718 3833 -
773 3796 1167 3864 ὑπερδειπνεῖς]
1229 3812 1352 3853 11011
1408 3798 1566 3854 male
1621 3799 1742 3854 red-

573 3888 733 3943 ditur
783 3890 965 3945 verbo
1022 3892 1383 3959 ὑπερτρυφᾶν
1431 3892 1589 3960 apud
1633 3891 1742 3946 He·

573 3980 854 4049 sychium
892 3977 956 4047 ⁷).
1139 3976 1144 3981 ’

578 4102 659 4109 ...—
674 4101 841 4107 ————
854 4102 1008 4107 --—-.-——

1920 2313 2013 2366 18.
2036 2313 2316 2366 πέπονθά.
2336 2354 2346 2365 .
2367 2354 2377 2365 .
2394 2313 2468 2379 τι]
2483 2311 2786 2381 perculsus
2800 2325 2932 2365 sum
2948 2306 3012 2375 8).

1837 2403 1919 2460 Cf.
1944 2405 2277 2460 locutiones
2306 2403 2664 2459 notissimae
2685 2404 2738 2458 τί
2758 2405 3012 2470 πάσχεις;

1836 2498 1891 2551 τί
1956 2499 2265 2560 πέπονθας
2318 2497 2388 2550 ·τί
2448 2497 2735 2564 πείσομαι;
2798 2497 2852 2550 τί
2912 2515 3014 2550 πα-

1838 2591 1955 2643 θών
1980 2632 1990 2642 .
2017 2632 2027 2643 .
2054 2607 2096 2652 .;
2132 2585 2197 2654 9).

1926 2681 2016 2737 19,
2082 2683 2209 2736 κατ’
2269 2683 2533 2750 ἐμαυτόν]
2600 2695 2813 2752 oppos,
2876 2683 3015 2749 ὑπὲρ

1841 2776 2084 2842 ἐμαυτόν
2120 2770 2210 2841 1⁰).

1924 2868 2019 2923 20.
2064 2870 2245 2931 οὕτως
2281 2869 2485 2937 ἡσυχῇ]
2521 2868 2580 2923 id
2602 2869 2725 2923 est:
2766 2872 2838 2934 μὴ
2863 2870 3013 2921 οὕτω

1844 2964 2067 3029 σφόδρα
2123 2965 2212 3014 καὶ
2267 2961 2510 3027 ταχέωςΙ
2560 2960 2659 3014 Est
2697 2975 2839 3015 eane
2880 2974 3015 3030 qua·

1842 3056 2146 3110 damtenus
2175 3051 2245 3118 ¹¹)
2267 3068 2461 3122 serva,
2497 3067 2618 3108 non
2652 3053 2813 3108 enim
2852 3066 3018 3121 pror-

1842 3161 1951 3201 sus
2020 3146 2206 3201 libera
2282 3142 2393 3201 dici
2454 3146 2662 3214 potest
2728 3159 2883 3214 quae
2944 3145 3017 3201 ad

1843 3240 2037 3309 patris
2078 3238 2349 3294 debitum
2390 3238 2750 3294 solvendum
2799 3252 3019 3294 merce-

1841 3332 2073 3388 nariam
2102 3346 2347 3401 operam
2365 3331 2639 3400 praestet
2661 3330 2813 3400 aliis,
2837 3330 3021 3385 libera

1844 3428 2048 3482 tamen
2110 3426 2208 3481 est
2267 3426 2437 3479 natu.
2513 3423 2791 3478 Libertus
2854 3423 3017 3478 enim

1842 3518 2039 3575 fuerat
2073 3518 2176 3585 qui
2207 3516 2602 3585 gemellorum
2636 3517 2809 3585 pater
2840 3516 3020 3571 habe-

1844 3613 2022 3667 batur
2063 3610 2268 3666 Tibiue
2310 3612 2540 3678 pastor.

1926 3705 2019 3759 21.
2054 3705 2286 3771 Τίβειος]
2324 3716 2545 3759 119111911
2580 3701 2823 3771 servile,
2858 3700 3017 3756 idem

1842 3798 1966 3854 fere
2012 3796 2225 3853 valens
2268 3797 2425 3863 quod
2467 3797 2634 3863 Φρύξ,
2676 3808 2820 3850 nam
2860 3794 3019 3861 Τ1βίοί

1842 3892 1952 3946 aut
2005 3892 2139 3946 tota
2192 3889 2459 3959 Phrygia
2512 3889 2621 3943 aut
2681 3900 2823 3956 pars
2887 3886 3018 3941 eius

1843 3984 2111 4051 regionis
2152 3982 2457 4039 dicebatur
2490 3976 2580 4047 12).

645 4156 684 4218 ¹)
720 4160 796 4207 of.
833 4161 916 4206 Ar.
955 4160 1107 4220 vesp,
1155 4162 1268 4207 440.
1315 4186 1377 4194 -
1425 4158 1464 4220 ²)
1499 4162 1645 4209 Infra
1689 4161 1811 4208 Her.
1860 4162 1923 4209 fr.
1963 4163 1987 4208 1
2025 4156 2112 4224 (=
2130 4161 2266 4207 Men.
2302 4160 2437 4215 345).
2472 4183 2537 4193 --
2572 4154 2610 4216 ⁸)
2648 4159 2801 4216 'Px-ag.
2838 4156 3022 4215 adesp.

576 4227 638 4273 fr.
679 4229 774 4274 150
821 4228 1016 4275 Nauck.
1053 4254 1112 4261 —
1151 4224 1192 4289 ⁴)
1237 4228 1361 4275 Eur.
1407 4229 1470 4275 fr.
1519 4231 1632 4277 887.
1665 4254 1728 4263 -
1765 4225 1804 4289 ⁵)
1841 4228 1984 4277 Gom.
2030 4228 2209 4288 adesp.
2260 4226 2322 4273 fr.
2371 4228 2468 4274 238
2517 4221 2605 4289 (=
2627 4226 2856 4273 Cratetis
2890 4224 3021 4283 eleg.

574 4294 637 4340 fr.
687 4296 746 4342 17
792 4292 846 4340 in
891 4296 1102 4343 brevius
1152 4295 1442 4358 conti-aot).
1489 4322 1555 4331 —-
1601 4293 1642 4358 6)
1691 4297 1939 4344 Oireumt.
1985 4298 2098 4343 200.
2134 4321 2197 4331 -
2233 4290 2275 4352 7)
2322 4295 2423 4342 Sed
2466 4307 2527 4339 ex
2571 4307 2689 4340 asse
2736 4291 3021 4353 respondet

576 4361 886 4409 nostratium
923 4364 1140 4411 verbum
1175 4361 1280 4410 zich
1313 4366 1549 4419 overeten,
1584 4378 1744 4424 germ.
1778 4364 1881 4411 siclt
1916 4362 2241 4411 abernehmen.
2278 4387 2337 4395 —-
2376 4359 2418 4424 Β)
2451 4362 2583 4408 Item
2616 4362 2865 4409 Circumt.
2896 4362 3020 4414 3043

577 4442 694 4477 noe:
742 4428 794 4476 ik
829 4429 914 4477 ben
940 4430 1200 4494 yetrqffen,
1231 4431 1351 4489 gau.
1378 4429 1439 4491 je
1468 4432 1572 4479 suis
1633 4429 1799 4495 rappe‘.
1838 4458 1895 4466 —
1934 4428 1972 4487 ε’)
2006 4430 2084 4477 Ad
2119 4433 2202 4477 Ar.
2241 4429 2374 4475 Nub.
2411 4430 2525 4477 340.
2568 4454 2622 4463 -
2665 4426 2727 4487 ²⁰)
2765 4430 2841 4476 Of.
2878 4426 3022 4474 Dieo.

581 4498 691 4543 104.
745 4523 807 4530 -
865 4493 925 4556 ²¹)
962 4497 1038 4546 Of.
1088 4499 1332 4546 Oireumt.
1381 4501 1462 4546 63.
1501 4526 1560 4534 -
1621 4494 1664 4557 ³)
1701 4499 1879 4559 Steph.
1922 4499 2044 4556 Byz.
2096 4502 2149 4545 et
2194 4498 2338 4544 Suid.
2385 4510 2428 4543 e.
2463 4510 2528 4556 v.,
2571 4498 2801 4545 Leucon.
2850 4497 2914 4543 fr.
2962 4497 3019 4551 83

576 4564 846 4612 Menandri
878 4566 940 4612 fr.
981 4567 1109 4614 1075
1144 4566 1210 4613 ad
1243 4570 1474 4614 nostram
1511 4566 1744 4615 fabulam
1779 4566 2111 4614 referendum
2144 4578 2261 4613 esse
2296 4566 2532 4626 apparet.
