3519 5416
583 582 668 643 76
1572 595 2049 642 cmoma'ronsA.

580 770 1014 830 monumenta
1057 767 1174 829 illa
1214 768 1608 845 inspiciendi
1651 768 1825 831 facta
1870 769 1999 830 sibi
2042 770 2222 830 esset
2266 767 2582 845 facultas,
2631 769 2849 830 laetus
2886 783 3035 830 eam

579 881 876 958 agnovit.
913 882 990 942 In
1029 882 1312 958 gratiam
1348 883 1499 944 dein
1538 883 1734 944 rediit
1771 882 1992 961 puella
2029 899 2180 945 oum
2218 883 2431 944 milite
2464 883 2733 944 homine
2757 882 3037 945 minime

580 996 785 1073 malo,
849 1011 1218 1072 magnaque
1280 997 1431 1058 dote
1478 1012 1519 1058 a
1563 973 2036 1073 patre'ornata
2080 999 2316 1060 iustas.
2340 998 2612 1073 nuptias
2656 1012 2810 1059 oum
2856 996 3035 1058 Pole-

579 1123 776 1170 mone
822 1109 988 1171 iniit.

669 1223 1116 1285 Moschionem
1164 1227 1389 1285 autem
1429 1240 1624 1286 suum
1666 1225 1943 1287 fratrem
1983 1241 2132 1287 esse
2168 1227 2347 1288 laeta
2381 1226 2516 1286 iam
2542 1225 2713 1287 dixit
2734 1226 3035 1308 Pataeoo‚

580 1337 951 1415 Polemoni,
1009 1339 1113 1399 cui
1161 1353 1328 1413 non;
1377 1353 1617 1414 nempe
1662 1354 1795 1400 non
1844 1341 1987 1401 erat
2035 1355 2150 1400 cur
2194 1339 2472 1401 fratrem
2518 1341 2721 1400 etiam
2768 1340 3041 1414 puderet

580 1453 861 1513 sororis:
902 1466 1033 1513 non
1073 1452 1439 1514 concubina
1475 1455 1620 1515 erat
1656 1452 1894 1515 militis
1924 1453 2163 1515 humili
2186 1452 2329 1515 loeo
2354 1457 2540 1530 nata,
2566 1454 2683 1514 sed
2708 1454 2835 1514 viri
2855 1468 3038 1530 prae-

581 1565 808 1627 divitis
847 1564 1002 1628 fllia.
1043 1567 1330 1641 Agnitus
1369 1566 1572 1642 igitur
1612 1582 1652 1629 a
1689 1568 1975 1629 Pataeoo
1999 1566 2287 1629 Moschio
2311 1567 2485 1628 dixit
2508 1567 2678 1643 patri
2704 1582 2777 1628 se
2800 1566 3041 1628 Philini

580 1681 926 1742 cuiusdam
966 1679 1177 1743 filiam
1219 1695 1465 1742 amare.
1505 1681 1684 1758 Quae
1730 1682 1953 1758 puella
1988 1681 2423 1743 matrimonio
2462 1682 2521 1742 ei
2560 1681 2783 1744 iuncta
2813 1685 2945 1757 est,
2974 1683 3041 1742 et

581 1795 679 1856 sic
701 1795 954 1856 laetum
979 1797 1235 1857 exitum
1263 1795 1494 1857 habuit
1517 1796 1744 1858 fabula
1766 1796 2019 1858 duabus
2044 1797 2225 1858 cenis
2247 1795 2655 1872 nuptialibus
2668 1797 3037 1858 instructis.

670 1909 996 1971 Pataeous
1039 1925 1282 1972 nomen
1321 1911 1663 1986 cognitum
1701 1913 1810 1974 est
1845 1927 1932 1972 ex
1968 1911 2304 1973 Herodoto
2334 1906 2410 1985 ¹);
2450 1910 2834 1973 dicebantur
2856 1911 3031 1973 enim

581 2024 850 2086 Pataeci
907 2021 1092 2102 „0⁸02
1155 2024 1458 2104 Φοίνικες,
1516 2022 1625 2098 οὓς
1682 2025 1877 2086 ἱστᾶσι
1934 2023 2086 2086 κατὰ
2142 2023 2248 2098 τὰς
2308 2024 2551 2110 πρῴρας
2610 2033 2731 2085 τῶν
2784 2033 2941 2086 νεῶν
2964 2022 3033 2097 ²).

579 2138 866 2200 Divitem
937 2139 1142 2215 igitur
1208 2140 1626 2216 peregrinum
1695 2174 1780 2184 -
1852 2140 2138 2203 fortasse
2206 2141 2526 2218 militem,
2591 2142 2666 2201 ut
2724 2141 2869 2217 ipse
2912 2139 3040 2200 fuit

579 2254 872 2330 Polemo,
939 2288 1021 2299 —
1085 2269 1218 2316 non
1281 2255 1606 2317 Graecum
1670 2254 2191 2331 intellegendum
2251 2271 2400 2317 esse
2453 2254 2647 2316 facile
2706 2253 3041 2331 putaverit

581 2369 765 2444 quis;
829 2369 946 2431 sed
1005 2364 1309 2447 ,ξἘλληνα
1355 2367 1620 2449 τρόπονα
1667 2369 1977 2443 quoniam
2028 2369 2095 2430 in
2142 2367 2281 2431 fllia
2323 2383 2447 2430 sua
2484 2367 2701 2430 laetus
2739 2367 3037 2443 agnoscit

581 2484 911 2545 Pataeous
938 2476 1005 2559 ³),
1077 2485 1146 2544 et
1211 2483 1429 2560 ipsum
1500 2483 1828 2545 Graecum
1896 2483 2104 2544 fuisse
2170 2496 2519 2544 sumamus
2578 2497 2850 2544 necesse
2911 2485 3037 2543 est.

579 2597 804 2670 Neque
847 2597 1224 2658 inauditum
1270 2596 1401 2658 fuit
1442 2597 1569 2659 hoo
1612 2612 1855 2658 nomen
1901 2597 2075 2659 inter
2118 2601 2298 2658 cives
2340 2597 2601 2659 Atticos
2639 2589 2711 2668 ⁴).

672 2910 1071 2971 Interierunt
1139 2909 1400 2973 fabulae
1477 2925 1718 2974 nomen
1759 2906 1830 2988 ⁸),
1904 2913 2374 2987 argumentum
2449 2910 2831 2987 metricum,
2900 2924 3035 2986 per·

580 3039 900 3085 sonarum
959 3026 1160 3087 index
1220 3029 1287 3088 et
1346 3028 1536 3088 actus
1596 3026 1797 3103 primi
1857 3026 2123 3088 initium
2184 3026 2329 3087 sive
2390 3041 2626 3087 versus
2669 3024 2806 3086 fere
2853 3025 3037 3099 quin-

581 3140 922 3217 quaginta,
972 3155 1126 3201 nam
1173 3142 1462 3218 primum
1506 3141 1740 3204 folium
1790 3142 2021 3203 deesse
2070 3141 2330 3202 videtur
2373 3140 2617 3202 solum.

669 3255 940 3316 Initium
980 3254 1141 3316 fecit
1179 3255 1456 3329 Glycera
1481 3248 1526 3327 ⁶)
1567 3271 1650 3317 ex
1688 3254 1946 3317 amicae
1985 3258 2059 3316 ut
2096 3255 2327 3332 opinor
2357 3253 2630 3316 aedibus
2653 3267 3033 3329 progressa,

579 3369 728 3430 dein
791 3384 942 3431 oum
1003 3368 1239 3431 Doride
1300 3368 1723 3432 confabulata
1782 3372 1849 3431 et
1894 3371 1973 3431 de
2020 3370 2201 3430 tristi
2248 3384 2372 3430 sua
2416 3370 2597 3429 sorte
2644 3370 3033 3442 conquesta,

581 3484 754 3558 quod
821 3482 902 3544 ab
969 3486 1269 3545 amatore
1337 3484 1652 3546 iracundo
1720 3485 1863 3545 heri
1930 3484 2109 3545 male
2168 3482 2465 3545 mulcata
2527 3483 2703 3544 esset
2727 3475 2797 3552 ⁷).
2861 3481 3038 3558 Quae

583 3601 936 3674 postquam
985 3598 1183 3660 aedes
1232 3600 1446 3661 denuo
1493 3598 1860 3675 intrarunt,
1907 3597 2157 3674 prodiit
2201 3596 2641 3673 Ignoratio
2687 3597 2808 3657 dea
2834 3588 2899 3666 ⁸).

652 3802 690 3868 ι)
723 3808 971 3856 Herodot.
1006 3808 1090 3857 111
1129 3808 1212 3857 3¹1.

647 3882 690 3948 ²)
727 3887 954 3946 Hesyoh.
982 3902 1024 3936 a.
1059 3900 1132 3945 ις
1173 3889 1244 3936 ef.
1281 3890 1344 3936 fr.
1380 3902 1512 3937 eom.
1548 3888 1730 3949 adesp.
1770 3888 1888 3936 423.

649 3964 693 4028 ³)
726 3968 814 4015 Vs.
851 3969 967 4016 357.

647 4044 690 4109 ⁴)
728 4049 808 4096 Of.
841 4048 1097 4096 Kirohner
1128 4049 1442 4109 Proeopogr.
1481 4044 1539 4094 n⁰
1579 4048 1741 4096 116¹!ss
1778 4060 1893 4107 sqq.

649 4124 691 4192 ⁸)
727 4128 944 4175 Constat
977 4131 1152 4176 tamen
1185 4130 1404 4188 propter
1436 4140 1621 4175 versus
1657 4128 1754 4175 173
1793 4140 1870 4187 sq.
1908 4129 1958 4174 δκ
1985 4135 2065 4187 τῆς
2093 4126 2485 4191 Περικιιρομῦνης
2512 4121 3039 4172 allatoeaveteribus.

582 4208 689 4257 Nee
718 4221 819 4254 non
853 4204 1104 4255 materies
1135 4219 1272 4267 quae
1309 4204 1365 4253 in
1397 4207 1495 4253 hae
1532 4206 1714 4255 fabula
1749 4209 2008 4255 tractatur
2043 4207 2253 4273 aliunde
2286 4206 2493 4265 cognita
2528 4201 2634 4251 fuit
2664 4207 2718 4251 et
2751 4203 2988 4251 antehae.

649 4284 690 4345 ⁶)
725 4288 805 4335 Of.
840 4300 914 4335 vs.
953 4287 999 4335 ’1.
2158 4280 2164 4287 ’

651 4364 691 4433 ⁷)
726 4369 853 4416 Heri
885 4364 1090 4427 vesperi
1126 4379 1156 4413 a
1190 4364 1494 4414 Moschione
1529 4366 1734 4415 basiate
1763 4369 1819 4414 et
1853 4379 1883 4413 a
1911 4365 2194 4414 Polemone
2213 4366 2435 4413 detonsa
2452 4363 2649 4419 est(vs.
2669 4364 2733 4411 33
2752 4360 3037 4427 οο]1.337);

585 4460 724 4495 nuno
761 4450 842 4494 eet
875 4443 982 4493 diei
1015 4460 1138 4508 pars
1173 4446 1317 4507 prior
1352 4444 1445 4509 (ef.
1481 4460 1559 4495 vs.
1595 4443 1698 4510 55).

651 4523 695 4586 8)
729 4527 809 4574 De
853 4526 1151 4575 cuiusmodi
1195 4528 1436 4586 personis
1473 4527 1540 4573 of.
1584 4538 1746 4588 supra
1778 4538 1898 4585 pag.
1936 4526 1983 4571 2.
2030 4524 2393 4587 anorationen
2432 4524 2629 4574 fabulis
2662 4538 2852 4574 nomen
2884 4523 3041 4572 dede-

584 4610 706 4657 runt
732 4606 979 4673 Diphilus
1015 4610 1070 4655 et
1102 4606 1303 4655 Maelio.
