3519 5416
2734 1489 2868 1502 W

2406 1489 2459 1506 vx

1601 1493 1632 1502 -x

1892 1492 2081 1505 mmssm

1359 1545 1490 1623 ἣκει
1534 1542 1729 1606 λιπὼν
1776 1549 2110 1622 κευθμῶνα
2153 1541 2256 1604 καὶ
2302 1541 2523 1603 σκότου
2568 1541 2779 1614 πύλας.

1299 1663 1315 1671 ⁴.
1322 1659 1492 1672 *uxr-fids*
1500 1659 1756 1670 Max-osr-Aae
1766 1657 2267 1670 eux-&mmmm
2276 1657 2414 1668 ΜΛΝ
2422 1654 2568 1667 §2wa

504 1892 841 1952 Menandri
885 1892 1259 1954 tabularum
1307 1894 1687 1969 fragmenta
1723 1895 2013 1954 exeunte
2052 1907 2225 1952 anno
2272 1893 2440 1952 1905
2475 1894 2541 1953 in
2568 1893 2868 1967 Aegypto

415 2007 660 2067 effossa
704 2008 773 2066 et
819 2009 1170 2081 postquam
1219 2007 1418 2067 huius
1463 2005 1716 2085 ἕρμαίου
1763 2007 1945 2067 fama
1989 2006 2399 2081 percrebruit
2442 2006 2524 2066 ab
2562 2005 2869 2066 omnibus

414 2119 656 2193 quibus
715 2119 923 2180 bonae
976 2119 1241 2179 litterae
1289 2121 1472 2179 cordi
1519 2122 1678 2180 sunt
1722 2134 1993 2179 summa
2042 2135 2196 2180 cum
2243 2119 2453 2179 animi
2500 2119 2870 2180 intentione

415 2235 764 2308 expectata
809 2232 932 2292 sub
980 2231 1182 2293 finem
1229 2233 1386 2292 anni
1437 2234 1604 2294 1907
1654 2232 1899 2308 publici
1937 2233 2104 2293 iuris
2140 2233 2296 2293 fecit
2331 2233 2417 2307 is,
2461 2233 2568 2292 cui
2603 2232 2870 2293 fortuna

416 2348 746 2408 concessit
797 2350 872 2407 ut
926 2349 1070 2408 tam
1118 2347 1538 2422 splendidum
1593 2349 1839 2409 donum
1891 2348 2158 2408 offerret
2196 2347 2619 2421 antiquitatis
2664 2346 2870 2406 admi·

415 2461 776 2536 tatoribus,
823 2461 1178 2522 Gusnvus
1226 2462 1646 2522 Lernsmzms
1690 2454 1750 2532 ⁸).
1816 2463 2057 2522 Statim
2106 2463 2375 2536 accepto
2422 2459 2591 2521 libro
2631 2459 2758 2520 feci
2804 2459 2870 2519 id

415 2575 584 2648 quod
631 2575 852 2652 multi,
902 2578 978 2636 ut
1023 2577 1282 2652 opinor,
1321 2577 1622 2638 fecerunt
1659 2579 1729 2638 et
1763 2577 2041 2638 facient:
2083 2575 2423 2651 devoravi,
2464 2574 2612 2634 dein
2661 2572 2867 2649 relegi

413 2687 786 2762 iterumque
847 2690 1076 2767 relegi,
1126 2705 1391 2766 semper
1436 2692 1590 2752 novi
1637 2690 1884 2765 aliquid
1923 2690 2440 2767 deprehendens.
2487 2691 2667 2768 MoX,
2716 2705 2867 2752 cum

414 2800 957 2864 observationum
1019 2805 1266 2897 messis
1325 2805 1494 2866 satis
1556 2806 1782 2881 ampla
1842 2806 2309 2881 succrevisset,
2373 2820 2539 2879 quas
2597 2804 2871 2865 editoris

413 2916 826 2990 aliorumque
886 2917 1372 2992 philologorum
1435 2920 1675 2980 iudicio
1735 2918 2035 2981 subicere
2095 2918 2465 2996 cupiebam,
2524 2919 2745 2995 aptius
2803 2919 2868 2978 id

413 3027 556 3090 fieri
618 3044 750 3091 non
811 3046 1007 3106 posse
1063 3033 1280 3093 visum
1329 3035 1436 3093 est
1481 3048 1680 3106 quam
1730 3036 1921 3095 textu
1971 3048 2173 3108 quam
2224 3036 2528 3108 poteram
2573 3034 2872 3095 emenda-

412 3144 675 3205 tissimo
739 3145 807 3206 in
876 3146 1096 3207 lucem
1157 3147 1429 3208 emisso.
1492 3147 1742 3208 Breves
1805 3149 2002 3208 notas
2064 3148 2334 3209 criticas
2394 3148 2644 3225 addidi,
2692 3162 2865 3208 com·

411 3260 814 3321 mentarium
861 3261 1171 3337 posthac,
1221 3260 1280 3321 si
1326 3261 1465 3321 fors
1510 3261 1768 3337 tulerit,
1817 3261 2315 3323 subiuncturus,

491 3632 677 3722 'Haec
735 3634 1102 3697 scribebam
1168 3639 1324 3698 ante
1388 3653 1654 3699 menses
1716 3641 1883 3715 tres,
1949 3639 2211 3714 iamque
2266 3639 2577 3701 editionis
2622 3641 2781 3699 tunc
2828 3654 2867 3699 a

409 3760 516 3806 me
577 3749 842 3807 curatae
904 3750 1400 3825 exemplaribus
1445 3752 1658 3813 multo
1707 3753 1907 3813 citius
1960 3768 2155 3827 quam
2206 3757 2599 3830 putaveram
2646 3753 2863 3813 diven-

407 3861 565 3923 ditis
632 3861 916 3923 facultas
983 3864 1140 3924 data
1209 3870 1310 3925 est
1394 3882 1560 3943 opus
1649 3882 1876 3928 meum
1948 3869 2375 3946 emendandi,
2447 3904 2529 3947 <-
2601 3871 2865 3945 gratum

405 3991 670 4053 semper
739 3976 1057 4055 officium,
1130 3995 1303 4041 nova
1373 3984 1596 4043 autem
1666 3982 1833 4043 haec
1900 3983 2279 4058 fragmenta
2349 3984 2569 4045 edenti
2634 3984 2865 4059 gratis-

407 4091 675 4154 simum.
738 4092 908 4154 Nam
972 4094 1170 4156 multi
1232 4095 1464 4156 eodem
1518 4098 1816 4172 tempore
1863 4096 2181 4173 philologi
2228 4113 2497 4173 operam
2547 4099 2868 4159 dederunt

406 4207 481 4265 ut
537 4206 885 4282 explerent
947 4223 1028 4269 ea
1091 4210 1159 4269 et
1205 4209 1612 4285 corrigerent
1659 4215 1725 4271 et
1764 4211 2264 4287 interpretando
2309 4212 2756 4290 illustrarent,
2799 4217 2867 4275 et

405 4320 592 4395 larga
649 4321 745 4383 sic
806 4325 966 4383 nata
1023 4326 1129 4384 est
1190 4325 1734 4387 observationum
1782 4327 1969 4401 copia
2014 4339 2131 4401 per
2175 4341 2443 4387 menses
2489 4327 2864 4403 proximos,

473 4552 510 4615 ¹)
545 4557 852 4617 Fragments
881 4556 1007 4607 d’un
1033 4562 1322 4609 manuscrit
1351 4562 1415 4610 de
1443 4562 1746 4620 Menandre,
1776 4561 2092 4611 decouverts
2120 4566 2175 4610 et
2202 4564 2411 4624 publiea
2433 4577 2528 4624 par
2545 4564 2613 4611 M.
2635 4564 2866 4611 Gustave

402 4636 678 4698 Lerebvre,
721 4638 1023 4698 inspectent
1061 4653 1127 4686 en
1173 4640 1297 4688 chef
1337 4641 1408 4689 du
1454 4643 1655 4690 service
1701 4642 1796 4689 des
1841 4642 2128 4702 antiquites
2173 4643 2238 4690 de
2284 4625 2542 4705 l'lssgypte,
2597 4643 2646 4691 le
2694 4640 2863 4703 Caire,

401 4713 727 4776 imprimeris
761 4717 826 4764 de
863 4718 1108 4767 l’institut
1142 4720 1366 4798 trunonis
1402 4718 1788 4786 d’archeologie
1826 4722 2099 4773 orientale.

1061 5094 1474 5188 'fflsswstq

1131 5149 1152 5177 C
1228 5167 1242 5178 0
1385 5159 1393 5170 ·
1417 5154 1428 5178 ἐ
