3519 5416
696 604 820 661 146

1046 783 1443 866 ἔντεθρίωκεν
1459 808 1477 859 3

1797 614 2027 659 SAMIA.

1716 915 1838 972 ΔΗ
1848 914 2115 973 MEAE.

1510 1030 1818 1106 φλυαρεῖς.
1865 1026 2122 1105 λήψεται
2168 1023 2278 1105 μὲν
2321 1026 2432 1105 τὴν
2479 1026 2686 1106 κόρην·

1044 1142 1163 1204 ἔστι
1210 1138 1261 1204 δ’
1312 1141 1387 1203 οὐ
1436 1150 1732 1203 τοιοῦτον.
1783 1138 1931 1201 ἀλλὰ
1977 1142 2391 1220 περιπάτησον
2438 1139 2660 1202 ἐνθαδὶ

1042 1258 1236 1336 βραχύ
1282 1281 1336 1317 τι
1383 1250 1496 1334 μετ’
1552 1254 1701 1333 ἐμοῦ
1754 1292 1833 1302 -

1655 1433 1761 1492 ΝΙ
1761 1434 1888 1491 ΚΗ
1885 1435 1987 1492 ΡΛ
1993 1433 2169 1492 ΤΟΣ.

1864 1546 2252 1625 περιπατήσειε»
2269 1568 2286 1619 ;

1719 1725 1847 1783 ΔΗ
1847 1725 1922 1783 Μ
1924 1726 2115 1783 ΕΑΣ.

2310 1833 2413 1896 καὶ
2451 1834 2706 1897 σεαυτὸν
2744 1833 3027 1915 ἀνάλαβε.
3053 1868 3132 1879 -

751 2024 865 2069 242.
901 2026 1224 2086 περιπάτησον
1258 2020 1503 2086 Οΐὸυθή]
1543 2037 1867 2087 usqiman...
1905 2023 2019 2071 eod.

753 2104 867 2148 213.
903 2100 1094 2165 *βραχύ
1140 2103 1206 2163 τι]
1254 2100 1457 2161 addidi,
1498 2104 1645 2166 μικρὰ
1687 2102 1797 2150 Leo
1842 2103 2063 2152 Oronert
2095 2104 2268 2162 vWil.;
2303 2121 2475 2166 μικρον
2509 2103 2624 2150 eod.
2662 2102 2808 2149 addit
2840 2104 2891 2147 in
2925 2112 3137 2161 praeco-

683 2182 856 2229 dentis
904 2196 1087 2230 versus
1130 2184 1290 2230 exitu.
1337 2180 1669 2242 singularem
1714 2188 1884 2249 μικρόν
1927 2198 2028 2231 non
2077 2183 2364 2231 admittunt
2410 2184 2632 2241 numeri,
2665 2183 2756 2231 sed
2793 2178 3046 2243 pluralem
3081 2182 3145 2226 ut

683 2262 926 2309 admittat
973 2265 1151 2323 lingua
1198 2276 1407 2323 vereor3
1455 2264 1633 2312 laudat
1673 2265 1888 2323 quidem
1924 2266 2030 2312 Leo
2065 2264 2318 2324 Sosipatr.
2357 2264 2419 2311 fr.
2458 2259 2548 2321 1⁸²,
2582 2265 2638 2309 at.
2668 2260 2744 2310 ibi
2774 2260 2916 2322 qnod
2947 2261 3142 2319 legitur

682 2344 829 2406 μικρὰ
880 2344 1135 2403 διακινήσω
1186 2344 1419 2392 numeris
1470 2357 1588 2392 oum
1642 2357 1747 2391 nen
1799 2343 2112 2397 stabiliatur,
2162 2341 2249 2389 vix
2301 2343 2487 2390 dubito
2537 2342 2664 2401 quin
2715 2343 2831 2390 inre
2873 2343 2924 2389 in
2969 2341 3142 2403 μικρὸν

684 2422 969 2468 mutaverit
1011 2422 1137 2469 olim
1183 2422 1394 2469 Jacobs.
1436 2421 1586 2478 Quod
1632 2419 1843 2481 siquis
1876 2426 2050 2481 neget,
2081 2435 2146 2469 ne
2183 2420 2261 2469 sio
2295 2422 2508 2482 quidem
2543 2422 2634 2469 iile
2669 2422 2818 2469 loeus
2849 2420 3141 2468 consimilis

684 2500 753 2545 sit
788 2502 985 2557 nostro,
1019 2500 1112 2547 nbi
1146 2499 1211 2547 de
1244 2515 1345 2549 una
1376 2500 1562 2561 utique
1595 2500 1956 2549 ambulatione
1987 2502 2048 2549 fit
2082 2514 2272 2549 sermo.

755 2604 814 2613 --
856 2576 1013 2626 *Post
1046 2582 1351 2642 περιπατῆσαι
1384 2581 1573 2641 soi-ipsi
1608 2578 1816 2640 signum
1851 2580 2226 2640 interrogandi.

757 2684 817 2691 —
856 2658 1057 2707 σεαυτὸν
1088 2658 1222 2720 Leo]
1261 2676 1348 2707 σια
1364 2695 1375 2707 .
1393 2695 1403 2706 .
1424 2695 1435 2707 .
1453 2695 1465 2706 .
1501 2660 1617 2707 eod.

689 2815 845 2864 vwil.

754 2765 814 2772 --
853 2741 1063 2802 ἁνάὶαβσ
1098 2739 1345 2802 Οτὸιιοτῐ]
1379 2774 1391 2787 .
1410 2776 1421 2788 .
1440 2745 1613 2802 ..λαβσ
1646 2739 1780 2797 uod„
1814 2743 2052 2804 κατάλαβε
2083 2739 2190 2788 Leo
2227 2740 2369 2800 (0011.
2405 2740 2655 2788 Herodot.
2691 2739 2773 2788 ΙΙΙ
2805 2741 2908 2797 38),
2935 2742 3138 2800 σύλλαβε

683 2985 823 3054 plus
877 2987 1030 3042 satis
1082 2986 1209 3043 iam
1250 2990 1631 3057 compertum
1679 2989 1864 3045 habet
1953 2991 2063 3045 Ζειν
2110 2986 2242 3043 sive
2281 2987 2576 3043 renudare
2605 2981 2673 3063 4).
2731 3017 2782 3026 —
2837 2984 2974 3041 Non
3016 2985 3138 3040 huc

683 3079 1029 3151 Niceratus,
1090 3081 1196 3137 sed
1260 3083 1431 3150 pater
1492 3081 1663 3150 pueri
1725 3081 1860 3150 quis

682 3170 766 3228 sit
842 3173 1112 3243 nondum
1189 3173 1414 3231 didicit.
1489 3205 1541 3212 —
1615 3173 1862 3242 Proprie

683 3268 937 3332 ἑνθριοῠν
978 3265 1281 3334 significat
1318 3267 1458 3335 folio
1493 3267 1735 3340 ficulneo
1777 3267 1860 3321 in·

679 3358 918 3428 volvere,
975 3357 1116 3414 hinc
1170 3360 1328 3428 apud
1382 3360 1859 3429 Aristophanem

680 3450 753 3503 ad
794 3448 959 3504 viros
995 3448 1187 3517 palliis
1224 3453 1419 3508 tectos
1454 3453 1701 3508 dicitur:
1738 3455 1862 3508 ἀλλ’

683 3543 785 3595 οὐκ
829 3543 1219 3609 ἐντεθριῶσθαι
1252 3545 1447 3612 πρέπει
1474 3540 1546 3616 Ῑ),
1584 3546 1685 3601 ubi
1712 3546 1860 3601 nihil

679 3634 798 3690 nisi
864 3633 1148 3694 involvere
1210 3637 1511 3706 significat
1570 3639 1856 3708 verbum3

678 3742 859 3795 quem
900 3729 974 3784 ad
1018 3730 1264 3785 modum
1314 3730 1451 3787 alibi
1490 3731 1650 3799 apud
1687 3729 1856 3785 illum

677 3820 971 3875 comicum
1048 3820 1312 3892 locusta,
1381 3821 1476 3878 cui
1537 3823 1669 3878 alae
1731 3823 1860 3879 sint

678 3913 1061 3982 praereptae,
1109 3916 1181 3967 τὰ
1222 3920 1347 3982 θρῖα
1386 3913 1518 3969 sive
1558 3914 1861 3970 involucra

678 3993 787 4057 τοῦ
842 4006 1111 4072 τρίβωνος
1171 4007 1607 4073 ἀποβεβληκέναι
1655 4005 1859 4063 iocose

678 4094 895 4151 dicitur
922 4093 967 4161 2)
980 4112 996 4165 ;
1055 4099 1269 4154 nostro
1324 4100 1533 4155 autem
1580 4098 1711 4155 loco
1752 4101 1856 4154 cir·

678 4190 1072 4244 cumveniendi
1121 4189 1251 4246 sive
1307 4191 1626 4262 decipiendi
1667 4206 1855 4248 sensu

1952 3079 2182 3136 faciunt
2255 3082 2326 3134 τὰ
2395 3085 2514 3134 τῶν
2575 3079 2853 3146 μαγείρων
2914 3083 3040 3145 θρῖα
3067 3072 3135 3145 5).

1955 3173 2120 3240 Quod
2158 3186 2301 3228 vero
2333 3175 2494 3242 apud
2514 3169 2892 3242 Hesychium
2913 3169 3140 3238 legitur

1955 3266 2328 3333 ἑντεθρίωκεν·
2388 3266 2666 3332 ἑνείληκεν
2723 3267 2758 3333 ἢ
2806 3264 3134 3329 ἐσκεύακεν,

1953 3359 2115 3428 prior
2167 3358 2591 3428 interpretatio
2638 3359 2803 3413 recte
2845 3356 3026 3412 habet
3069 3355 3133 3411 in

1952 3452 2336 3523 universum,
2394 3448 2697 3520 posterior
2743 3451 2953 3504 autem
2995 3463 3135 3505 nos·

1954 3546 2118 3601 trum
2161 3544 2358 3600 locum
2401 3544 2667 3612 spectat,
2710 3540 2814 3596 ubi
2856 3540 3134 3597 versibus

1952 3635 2324 3692 intermissis
2418 3633 2733 3692 duodecim
2833 3636 3134 3688 ἑσκεύακεν

1953 3730 2167 3785 eodem
2222 3728 2470 3798 fallendi
2525 3742 2716 3784 sensu
2763 3728 3132 3796 usurpatum

1953 3823 2066 3878 est.
2122 3821 2258 3878 Alia
2304 3821 2516 3891 glossa
2569 3820 2963 3890 Hesychiana
3017 3823 3133 3875 ἑνε-

1951 3915 2196 3982 θρίωσαν
2252 3915 2464 3970 utrum
2519 3914 2637 3970 huc
2697 3913 2878 3974 saciat
2938 3927 3132 3970 necne

1951 4004 2274 4063 incertum.

2034 4099 2170 4155 241.
2229 4101 2466 4167 λήψεται
2524 4101 2623 4167 μὲν
2676 4103 2783 4167 τὴν
2827 4101 3022 4167 κόρην]
3065 4099 3131 4156 in

1950 4193 2392 4248 matrimonium
2428 4192 2478 4246 ei
2499 4192 2733 4248 dabitur
2743 4191 2974 4263 puella,
2997 4206 3134 4247 uxo·

678 4281 1016 4338 adhibitum
1088 4297 1229 4339 esse
1289 4285 1546 4340 verbum
1574 4281 1619 4352 3)
1684 4285 1856 4341 docet
1949 4299 2073 4340 rem
2109 4301 2147 4340 a
2177 4287 2229 4339 te
2264 4285 2467 4341 datam
2501 4289 2697 4342 sumat
2726 4285 2947 4353 faciam
2977 4299 3131 4354 equa·

678 4377 1024 4432 contextus
1066 4374 1427 4444 Oppositum
1461 4378 1559 4433 est.
1592 4379 1857 4446 ἀποθριά-

1950 4379 2097 4434 dem.

744 4621 786 4683 ¹)
823 4628 907 4673 Ar.
936 4626 1057 4686 Lys.
1081 4628 1196 4674 668.
1226 4652 1289 4660 —
1320 4624 1361 4688 ⁸)
1394 4629 1478 4674 Ar.
1496 4629 1651 4688 Vesp.
1676 4630 1824 4676 1812.
1854 4654 1917 4662 -
1947 4625 1990 4688 3)
2007 4629 2140 4678 Gan.
2167 4628 2331 4677 rouler
2359 4627 2632 4692 ραείᾳιιάιι,
2662 4629 2836 4676 mettre
2850 4625 3044 4676 dedans.
3065 4651 3128 4660 —

678 4687 721 4750 ⁴)
756 4694 839 4739 Ar.
877 4693 1003 4741 th.
1042 4694 1155 4741 158.
1184 4719 1249 4728 —
1286 4690 1326 4754 Ι5)
1363 4697 1447 4742 Ar.
1481 4695 1609 4742 Ran-
1649 4696 1762 4743 184.
