3519 5416
587 590 671 662 50

585 791 714 850 305

1555 607 1957 660 DISGEPTANT
1966 615 2054 658 ΕΒ.

1029 787 1128 850 ἐπὶ
1173 787 1279 849 τὸν
1327 786 1589 868 ἔλεγχον,
1629 785 1732 848 καὶ
1780 788 2031 866 μεθύων
2077 810 2144 867 γε
2188 796 2307 848 νῦν
2354 785 2481 866 ἐρεῖ

1027 903 1318 982 πρότερος
1365 901 1604 962 ἅπαντα
1649 899 1754 962 καὶ
1801 911 2130 983 προπ-ςτῶς.
2179 898 2217 960 ἃ
2265 895 2321 962 δ’
2373 897 2451 960 ἂν
2498 899 2671 986 λέγῃ,

1027 1016 1571 1096 προσομολογῆσαι,
1616 1023 1722 1076 τοῦ
1772 1015 2124 1094 διαμαρτεῖν
2169 1011 2324 1094 μηδὲ
2361 1015 2435 1074 ’ἓν

1027 1129 1290 1210 προτέρα
1336 1125 1574 1210 λέγουσ’
1587 1176 1601 1191 .

1571 1281 2057 1340 ΟΝΗΣΙΜΟΣ.

1652 1392 1973 1474 ὑπέρευγε,
2018 1391 2096 1471 νὴ
2142 1393 2246 1454 τὸν
2276 1391 2530 1456 1’Ἠλιονῑ

1547 1560 1763 1618 ΑΒΡΟ
1772 1560 2078 1618 ΤΟΝΟΝ.

1027 1670 1099 1732 τὰ
1145 1670 1325 1731 κοινὰ
1369 1669 1540 1732 ταυτὶ
1588 1667 1645 1733 δ’
1698 1670 2033 1749 ἄκκιοῦμαι
2078 1681 2155 1756 τῷ
2204 1671 2391 1758 λόγῳ,

583 1789 714 1848 310

1025 1793 1134 1846 τοῦ
1181 1785 1262 1864 μὴ
1310 1786 1679 1865 διαμαρτεῖν·
1726 1783 1849 1864 »ὡς
1896 1781 1953 1846 δ’
2005 1783 2265 1863 ἀναιδὴς
2310 1777 2482 1864 ἦσθα
2527 1783 2630 1846 καὶ

654 2004 768 2050 810.
803 2003 852 2048 δ’
894 2003 1176 2064 Hesdlam]
1211 2004 1264 2050 θ’
1305 2004 1438 2066 ood.‚
1471 2005 1533 2051 -τ’
1571 2005 1704 2062 Les„
1739 2005 1844 2052 del.
1878 2005 2025 2054 vWil.

666 2201 802 2256 305.
843 2204 929 2257 ἐπὶ
971 2205 1074 2257 τὸν
1116 2204 1363 2272 ἔλεγχον]
1409 2203 1490 2258 ad
1527 2219 1651 2258 ‘rem
1677 2206 1761 2259 in·

586 2293 953 2364 quirendam.
1479 2355 1488 2362 ,

665 2417 742 2426 -
801 2391 890 2441 καὶ
949 2390 1170 2454 μεθύων
1225 2389 1312 2456 γε]
1358 2391 1528 2459 atque
1570 2390 1763 2446 ebrius

591 2479 732 2535 adeo
755 2475 818 2546 1).
881 2473 1042 2536 Vino
1103 2480 1442 2537 charisium
1496 2481 1763 2540 dolorem

584 2573 769 2629 etiam
821 2587 984 2629 nunc
1039 2585 1316 2642 mergere
1370 2575 1549 2630 modo
1593 2575 1762 2632 intel·

585 2665 851 2723 leximus
875 2661 938 2735 2).

1866 2207 1936 2261 ut
1974 2204 2173 2260 locum
2215 2205 2374 2260 unde
2412 2203 2759 2259 instituitur
2800 2215 3038 2270 compa-

1865 2295 2020 2354 ratio
2068 2297 2129 2352 in
2177 2298 2375 2363 μείζων
2417 2295 2509 2352 vel
2547 2297 2803 2362 μέγιστος
2837 2297 3035 2350 ἄλλων.
3094 2305 3097 2309 “

1864 2389 2079 2457 Itaque
2114 2389 2452 2457 graecismo
2483 2389 2557 2444 ab
2578 2388 2778 2444 indole
2799 2387 3042 2456 linguae

1862 2481 2087 2538 latinae
2127 2481 2323 2538 alieno
2350 2483 2646 2538 debentur
2674 2481 3042 2539 Sallustiana

1860 2576 1928 2630 et
1963 2574 2205 2630 Tacitea
2240 2573 2345 2630 illa
2380 2574 2692 2630 evei-citum
2718 2574 3039 2646 opprimen-

1864 2668 1971 2724 dae
2033 2667 2317 2724 libertatis
2378 2667 2542 2723 habet
2565 2661 2640 2735 ⁷),
2724 2669 3039 2739 aeyyptum

664 2760 800 2815 306.
844 2762 1158 2829 προπετῶς]
1203 2764 1424 2833 temere,
1467 2764 1757 2819 incautus.
1854 2761 2242 2831 proficiscitur
2315 2762 2732 2830 coynoscendae
2793 2761 3037 2831 antiqui·

584 2852 660 2907 Et
720 2852 1071 2908 adverbium
1135 2855 1196 2909 et
1251 2853 1616 2911 adiectivum
1671 2870 1789 2911 re·-

586 2944 775 2999 deunt
813 2943 975 2999 infra
995 2940 1059 3011 3).

665 3037 781 3092 307
826 3039 888 3093 et
923 3038 1060 3094 310.
1097 3040 1220 3105 τοῦ]
1258 3037 1559 3096 infinitivo
1595 3040 1756 3095 iunc-

583 3131 717 3184 tum
779 3130 1080 3185 consilium
1136 3130 1440 3198 significat
1460 3128 1541 3201 4),
1597 3132 1758 3188 idem

581 3222 770 3290 igitur
825 3224 982 3291 quod
1037 3224 1198 3277 ἕνεκα
1254 3238 1394 3279 cum
1450 3224 1756 3292 genetivo.

584 3314 748 3383 Quae
821 3316 1010 3371 rarior
1087 3319 1185 3372 est
1247 3318 1588 3385 structura,
1651 3318 1757 3373 sed

584 3408 768 3464 etiam
805 3410 964 3477 apud
1001 3408 1413 3478 Thucydidem
1441 3409 1604 3465 haud
1634 3424 1757 3465 uno

582 3501 714 3557 loco
768 3500 969 3570 obvia;
1025 3500 1185 3557 solet
1230 3504 1439 3557 autem
1480 3504 1758 3559 accedere

581 3593 860 3664 negatio,
925 3596 994 3649 ut
1053 3594 1285 3651 nostris
1347 3594 1493 3651 locis
1517 3591 1580 3663 5).
1644 3597 1756 3651 Ab·

580 3684 749 3741 lativi
790 3685 917 3741 vice
955 3684 1231 3753 fungitur
1269 3686 1370 3743 hic
1407 3688 1756 3757 genetivus,

580 3778 780 3834 locum
835 3778 998 3834 enim
1052 3778 1277 3835 indicat
1332 3782 1490 3835 unde
1545 3780 1599 3835 is
1655 3780 1757 3849 qui

581 3869 900 3927 consilium
926 3870 1040 3927 init
1069 3872 1362 3940 proficisci
1393 3872 1660 3929 sumitur
1682 3870 1754 3943 ⁶),
1804 3946 1813 3955 ⁶

1860 2856 1997 2909 tat-is
2032 2849 2095 2918 8).

1940 2976 2021 2987 -
2064 2948 2202 3015 μηδὲ
2245 2948 2326 3015 ἓν]
2369 2947 2517 3003 item
2562 2960 2748 3015 supra
2777 2942 2849 3017 ⁹).

1944 3039 2079 3095 308.
2118 3044 2187 3107 νὴ
2210 3042 2311 3093 τὸν
2332 3041 2521 3094 Ἥλιον
2538 3040 2575 3106 1]
2598 3041 2742 3093 item
2768 3035 2923 3091 infra
2944 3032 3033 3101 10).

1944 3132 2079 3187 309.
2157 3132 2473 3198 ἀκκιοῦμαι]
2534 3130 2669 3199 ficta
2724 3125 3035 3195 fallacique

1858 3240 1985 3279 voce
2038 3225 2247 3279 dicam.
2306 3222 2489 3279 Recte
2544 3222 2856 3279 ἀκκίζεσθαι
2908 3233 3033 3275 ver-

1861 3318 2004 3373 bum
2041 3314 2107 3381 ¹¹)
2161 3331 2199 3372 a
2261 3313 2705 3383 lexicographis
2769 3312 3037 3369 redditur

1860 3412 2198 3477 θρύπτεσθαι
2218 3405 2307 3475 12),
2342 3411 2780 3477 προσποιεῖσθαι,
2814 3409 2876 3462 et
2898 3406 3036 3461 sub·

1859 3502 2201 3558 stantivum
2230 3503 2495 3567 ἀκκισμὸς
2516 3497 2587 3569 13)
2616 3499 2781 3555 valet
2799 3499 2855 3553 id
2880 3498 3038 3566 quod

1857 3595 2239 3663 προσποίησις,
2276 3596 2560 3661 ὑπόκρισις
2578 3589 2665 3659 14).
2695 3592 2891 3646 Minus
2918 3590 3038 3647 feli·

1857 3686 2005 3743 citer
2058 3686 2436 3755 Platonicum
2494 3689 2671 3752 οἶσθα,
2728 3686 2849 3739 ἀλλ’
2890 3684 3038 3738 ἀκκί-

1858 3785 1934 3836 Ζει
1960 3776 2024 3844 ¹5)
2060 3779 2343 3835 Timaeus
2377 3778 2816 3847 interpretatur
2850 3780 3038 3831 ἀπαξι-

1860 3879 1954 3939 οῑς,
1997 3872 2162 3928 verbi
2204 3871 2326 3926 vim
2363 3871 2612 3926 minime
2652 3869 3037 3926 exhauriens.

653 4141 692 4205 ¹)
737 4144 814 4193 Cf.
859 4148 944 4193 Ar.
991 4146 1116 4193 Bau.
1153 4148 1233 4192 49.
1277 4173 1331 4180 —
1371 4144 1416 4207 ἲ)
1451 4146 1527 4194 cf.
1565 4160 1637 4193 vs.
1675 4149 1790 4193 213.
1828 4172 1893 4181 —
1926 4144 1969 4201 8)
2009 4147 2134 4193 Adv.
2172 4160 2245 4193 ve.
2283 4148 2378 4193 466
2418 4148 2479 4192 fr.
2517 4142 2655 4203 574²,
2690 4145 2792 4191 adi.
2829 4158 2903 4191 ve.
2941 4146 3037 4191 518

479 4235 484 4239 ·
583 4211 829 4260 Circumt.
862 4215 977 4269 366,
1009 4215 1123 4260 368.
1154 4238 1220 4247 -
1247 4210 1292 4277 ⁴)
1320 4214 1453 4261 Item
1481 4212 1728 4263 Circumt.
1762 4216 1840 4261 56.
1868 4240 1929 4249 -
1955 4212 1997 4275 ⁶)
2029 4214 2192 4261 Thuc.
2224 4214 2251 4261 1
2281 4215 2343 4261 23
2378 4216 2401 4269 ξ
2434 4215 2462 4260 5
2494 4214 2559 4259 ai.
2588 4226 2707 4261 oum
2739 4213 3040 4271 negatione;

585 4280 610 4327 1
637 4283 669 4328 4
701 4285 756 4327 et
783 4280 907 4327 vm
937 4282 999 4327 89
1030 4280 1059 4339 5
1087 4283 1116 4326 4
1145 4278 1260 4329 sine
1289 4283 1584 4340 negatione,
1608 4284 1668 4328 ut
1695 4279 1944 4329 Circumt.
1976 4284 2054 4329 56.
2078 4308 2135 4315 -
2160 4278 2203 4342 ⁶)
2220 4283 2351 4329 Nos:
2370 4280 2449 4328 uit
2464 4279 2546 4328 laet
2561 4284 2773 4343 ooqpunt
2789 4295 2956 4326 van...
2978 4304 3037 4313 --

586 4344 622 4404 ⁷)
658 4348 780 4395 Sall.
826 4348 940 4406 Ing.
990 4349 1070 4403 51,
1117 4348 1183 4393 ai.
1229 4372 1292 4381 —
1337 4346 1378 4412 ⁸)
1424 4351 1546 4397 Tac.
1588 4350 1772 4397 Annsl.
1809 4349 1863 4397 ΙΙ
1900 4352 1979 4403 59,
2016 4350 2082 4395 al.
2122 4376 2178 4383 -
2217 4346 2259 4409 ⁹)
2299 4350 2384 4395 Vs.
2420 4350 2502 4396 69.
2539 4374 2601 4383 -
2640 4344 2703 4406 ¹⁰)
2739 4349 2877 4395 Sam.
2916 4347 3038 4402 108;

581 4412 706 4461 item
747 4417 799 4461 in
847 4415 1041 4462 codicis
1079 4416 1244 4462 nostri
1283 4416 1593 4475 fragmentis
1630 4418 1833 4475 exiguis
1868 4418 1921 4465 M
1957 4416 2037 4476 [νὴ
2069 4415 2178 4475 dciv
2216 4419 2353 4475 ἥλιον,
2390 4416 2424 4463 S
2460 4416 2515 4474 νὴ
2551 4416 2633 4462 τὸν
2670 4414 2866 4475 ἥ[λιον],
2899 4418 2955 4460 et
2988 4414 3039 4459 in

586 4481 884 4531 adulatoris
914 4495 1047 4529 novo
1075 4484 1368 4542 fragmento
1397 4498 1471 4531 vs.
1503 4486 1565 4531 45
1593 4482 1811 4542 (oxyrh.
1842 4498 1962 4544 pap.
1996 4486 2110 4543 409,
2142 4484 2480 4531 Kretschmar
2509 4495 2559 4542 p.
2592 4484 2692 4537 66).
2722 4508 2783 4519 ——
2818 4478 2880 4545 ιι)
2908 4474 3042 4528 Piat.

583 4550 738 4607 Gorg.
793 4550 935 4596 49'Ia
979 4550 1264 4611 Philippid.
1311 4552 1372 4598 fr.
1421 4548 1474 4598 5¹
1517 4564 1650 4599 com.
1685 4552 1867 4612 adeep.
1905 4554 2018 4598 663.
2054 4576 2111 4585 —
2156 4546 2219 4609 ¹²)
2256 4550 2333 4598 Cf.
2370 4550 2591 4598 Photiue
2624 4548 3043 4611 (Reitzenstein).

582 4614 746 4673 Suiffl,
783 4622 834 4664 et
869 4617 1031 4713 scRoI.
1063 4618 1196 4665 Plat.
1233 4618 1304 4664 1.1.
1339 4643 1400 4652 -
1433 4615 1495 4682 ²³)
1529 4617 1819 4667 Philemon.
1858 4620 1920 4665 fr.
1957 4615 2046 4664 4¹⁴.
2082 4644 2135 4652 —
2177 4614 2235 4678 ¹⁴)
2269 4617 2345 4665 Cf.
2379 4616 2596 4666 Photius
2623 4612 3043 4683 (Reitzenstein),

583 4686 788 4733 Moeris.
831 4710 890 4718 —
971 4684 992 4743 )
1036 4685 1132 4732 m.
