3519 5416
603 611 687 670 38
1572 621 2077 670 meonpunerm.

1047 793 1132 867 εἰς
1180 793 1363 855 ταύτὸ
1409 791 1522 874 γὰρ
1569 791 1957 871 παράγομεν,
2002 788 2085 864 ὧς
2132 788 2264 869 ἐμοὶ
2312 791 2511 870 δοκεῖ,

611 913 734 972 195
1051 904 1206 989 δεῦρ’
1259 905 1613 988 ἀμφότεροι.

1586 1070 2072 1130 ΟΝΗΣΙΜΟΣ.

1669 1182 1813 1246 νυνὶ
1856 1181 1967 1263 μὲν
2016 1175 2133 1245 οὖν
2179 1184 2515 1267 συνάγουσι
2560 1181 2665 1244 καὶ

1049 1300 1164 1363 οὔκ
1210 1300 1374 1362 ἔστιν
1421 1298 1705 1380 εὔκαιρον
1751 1298 1819 1360 τὸ
1868 1300 2125 1378 μηνύειν
2172 1298 2314 1372 ἴσως

1049 1416 1212 1500 αὐτῷ
1260 1413 1394 1497 περὶ
1441 1416 1688 1477 τούτων·
1739 1411 1956 1494 αὔριον
2006 1412 2089 1475 δέ.

1604 1582 1665 1638 Σ
1671 1580 2053 1639 ΤΡΙΣΚΟΣ.

2142 1700 2460 1770 καταμενῶ
2472 1708 2486 1722 ·

1047 1803 1265 1887 αὔριον
1313 1805 1428 1892 ὅτῳ
1478 1802 1763 1885 βούλεσθ’
1820 1803 2158 1886 ἐπιτρέπειν
2206 1803 2297 1867 ἑνὶ
2342 1804 2500 1891 λόγῳ

1050 1918 1304 1999 ἕτοιμος.

1696 2027 1909 2094 (Secum
1932 2029 1965 2096 z)

1352 2122 1497 2187 οὐδὲ
1541 2134 1660 2186 νῦν
1705 2135 1906 2198 κακῶς
1954 2123 2292 2204 ἀπήλλαχα.

613 2242 744 2302 200

1056 2239 1304 2301 πάντων
1351 2235 1406 2301 δ’
1461 2236 1861 2319 ἀμελήσανθ’,
1904 2235 1986 2312 ὧς
2032 2237 2226 2300 ἔοικεν
2245 2285 2262 2317 ,
2308 2239 2403 2299 δεῖ
2442 2239 2613 2311 δίκας

1059 2359 1331 2433 μελετᾶν·
1383 2354 1484 2416 διὰ
1530 2353 1696 2416 τουτὶ
1740 2355 1941 2416 πάντα
1984 2351 2131 2415 νυνὶ
2178 2353 2440 2434 σῴζεται.

1330 2462 1564 2529 (Abeunt
1598 2466 1752 2514 ambo
1786 2463 1841 2513 in
1876 2465 2033 2513 aeden
2064 2461 2337 2528 Charitii.)

677 2643 788 2691 ΗΠ.
823 2643 885 2690 In
913 2644 1017 2691 fine
1047 2657 1228 2692 versus
1255 2645 1362 2692 Leo
1392 2645 1583 2692 elausit
1610 2645 1959 2702 enuntiatum,
1991 2645 2106 2691 Les.
2136 2647 2257 2703 poet
2282 2642 2458 2707 αὔριον.

673 2726 788 2773 201.
823 2726 950 2773 Post
983 2726 1121 2773 huno
1157 2739 1364 2775 versum
1396 2726 1449 2773 in
1485 2725 1600 2773 eod.
1640 2730 1723 2775 eet
1756 2727 1921 2773 serien
1955 2727 2270 2786 punctorum
2292 2757 2575 2785 .........
2610 2723 2732 2770 dein
2764 2738 2827 2781 χο
2862 2738 2889 2784 ρ
2927 2736 2997 2767 ου.

659 2914 827 2972 .194.
855 2916 960 2984 ,ὡς
1012 2916 1132 2981 ἐμοὶ
1189 2917 1360 2983 δοκεῖ]
1420 2918 1473 2971 εἰ
1512 2915 1658 2971 satie
1699 2917 1781 2970 in-

607 3008 814 3081 calleyo.

693 3101 824 3158 195.
871 3102 1195 3169 συνάγουσι]
1241 3105 1556 3157 convocant
1597 3103 1779 3157 convi-

606 3208 711 3249 vas
733 3191 807 3259 1),
871 3194 1050 3249 instat
1117 3208 1287 3264 cena,
1354 3198 1611 3261 μέλλουσι
1675 3199 1781 3250 δει-

607 3290 854 3353 πνήσειν.

693 3380 827 3434 197.
875 3380 1052 3449 αὐτῷ]
1096 3379 1228 3434 hero
1250 3376 1313 3447 2).

696 3503 765 3511 -
825 3473 1140 3539 καταμενῶ]
1196 3472 1258 3526 in
1316 3474 1560 3528 montes
1609 3486 1781 3527 meos

609 3578 730 3620 non
795 3562 964 3632 prius
1026 3564 1230 3619 redibo
1291 3578 1474 3632 quam
1536 3565 1781 3620 constet

610 3655 748 3724 quid
793 3656 879 3712 rei
921 3655 1020 3710 sit.

697 3749 827 3804 198.
886 3752 1148 3815 βούλεσθε
1205 3750 1536 3817 ἐπιτρέπειν]
1591 3752 1662 3805 tu
1720 3750 1782 3805 et

609 3843 794 3897 herus
871 3844 1038 3897 tuus.
1123 3841 1394 3898 Verbum
1471 3844 1781 3909 ἐπιτρέπειν

612 3948 801 4003 supra
841 3934 1066 3989 lectum
1088 3930 1152 4000 3).

693 4028 830 4083 200.
874 4028 1027 4092 δίκας
1070 4030 1320 4096 μελετᾶν]
1365 4027 1646 4083 servulus
1688 4027 1784 4084 hic

611 4136 647 4175 a
709 4121 1071 4176 carbonibus
1133 4123 1194 4177 et
1253 4120 1508 4188 fuligine
1569 4133 1785 4176 recens

609 4214 726 4269 arti
780 4214 1078 4270 oratoriae
1132 4214 1390 4269 studens
1429 4212 1532 4269 vix
1576 4215 1782 4269 minus

1878 2912 2166 2970 ridiculus
2200 2916 2299 2971 est
2326 2928 2509 2982 quam
2532 2912 2875 2968 Philocleon
2900 2910 3057 2965 Aris-

1878 3006 2230 3076 tophaneus
2309 3006 2471 3063 domi
2544 3005 2715 3061 solus
2783 3002 2899 3060 sibi
2958 3002 3059 3059 iue

1880 3100 2104 3156 dicens,

1961 3194 2096 3249 201.
2146 3192 2405 3262 ChoruS,
2445 3190 2599 3246 utin
2626 3188 3060 3259 Aristophanis
3116 3196 3123 3202 ·

1880 3284 2313 3341 Ecclesiazusis
2370 3286 2433 3340 et
2486 3283 2701 3353 Pluto,
2745 3283 2834 3340 sic
2873 3283 2934 3337 in
2976 3282 3055 3337 fa-

1880 3378 2036 3433 bulis
2090 3376 2398 3433 Menandri
2452 3380 2563 3432 aut.
2610 3377 2837 3432 tacitus
2881 3374 3059 3432 salta-

1881 3472 1969 3525 vit
2025 3472 2165 3539 aut,
2218 3470 2273 3525 ei
2328 3469 2442 3525 hoo
2497 3469 2762 3525 alienum
2819 3468 2935 3525 fuit
2982 3469 3057 3524 ab

1880 3565 2010 3620 arte
2064 3564 2379 3633 veterum,
2436 3563 2710 3618 cantavit
2763 3562 3058 3630 quaedam

1881 3671 2036 3725 quae
2078 3657 2150 3711 ad
2192 3654 2432 3712 fabulae
2468 3658 2905 3723 argumentum
2936 3668 3056 3710 non

1882 3748 2260 3818 pertinerent
2280 3744 2344 3815 4).
2400 3748 2600 3803 Etiam
2653 3748 2714 3803 in
2770 3748 3057 3804 vetustis·

1882 3842 2039 3898 sima
2060 3855 2293 3911 papyro
2326 3870 2393 3880 -—
2412 3835 2493 3897 IIi
2522 3844 2666 3898 ante
2687 3840 2821 3897 Chr.
2846 3856 2905 3896 n.
2930 3854 3058 3895 sae-

1880 3934 1997 3991 culi
2038 3964 2111 3975 —
2149 3948 2304 4003 quae
2345 3934 2531 3991 tertio
2566 3934 2782 3990 abhinc
2821 3947 2982 3989 anno
3025 3947 3061 3988 a

1882 4028 2136 4095 Iougeto
2170 4027 2455 4095 evulgata
2492 4030 2589 4083 est
2610 4025 2678 4098 5),
2713 4027 3060 4094 fragmenta

1879 4120 2116 4176 fabulae
2161 4120 2409 4189 ignotae
2451 4120 2797 4190 praebenti,
2839 4116 3062 4186 legitur

1880 4231 2071 4280 χορου.

680 4471 722 4535 ²)
755 4476 832 4522 of.
858 4475 1107 4522 Oironmt.
1129 4474 1192 4521 55
1213 4474 1272 4521 fr.
1295 4476 1390 4522 158
1411 4489 1488 4534 sq.
1508 4476 1734 4537 Ephipp.
1757 4479 1787 4522 4
1806 4477 1985 4537 Diphil
2024 4474 2134 4525 43²⁸
2149 4479 2337 4526 Athen.
2358 4479 2507 4532 8650,
2531 4478 2628 4523 420
2645 4490 2671 4523 e
2689 4475 2819 4525 Poll.
2840 4476 2910 4523 VI
2928 4477 2974 4522 8.
2995 4500 3060 4510 —

612 4538 654 4601 ²)
693 4543 769 4590 Of.
807 4556 968 4602 supra
1003 4544 1066 4591 fr.
1104 4543 1383 4591 Iernetedt..
1421 4556 1493 4590 vn.
1530 4545 1578 4601 6,
1613 4546 1697 4591 Ar.
1733 4545 1866 4593 Nnb.
1900 4546 2013 4593 219.
2052 4572 2112 4580 —
2151 4541 2194 4610 ³)
2222 4547 2307 4594 Vs.
2336 4546 2384 4592 2.
2420 4570 2482 4581 —
2510 4540 2552 4603 ⁴)
2582 4546 2730 4591 Hane
2758 4542 3060 4604 opinionem

610 4615 733 4669 post
773 4612 1028 4659 Ritterum
1073 4612 1245 4659 denuo
1289 4624 1460 4673 nuper
1505 4611 1744 4660 defendit
1788 4614 1962 4661 Korte.
2014 4638 2071 4649 —
2120 4608 2163 4673 ι5)
2200 4615 2266 4661 ct
2312 4612 2448 4662 Bun.
2484 4611 2549 4659 de
2584 4625 2718 4659 oorr.
2752 4612 2888 4661 Heu.
2928 4612 3058 4661 1906

613 4690 664 4738 p.
703 4680 987 4727 103-149.
