3519 5416
640 608 678 668 2
1739 623 1975 668 Hunos,

737 795 930 860 Obori
977 798 1168 859 nulla
1214 796 1289 857 fit
1336 797 1618 870 mentio;
1669 799 1783 858 aut
1822 797 2025 872 igitur
2054 797 2279 858 nullus
2312 799 2523 860 adfuit
2552 801 2667 860 aut
2694 800 2867 861 inter
2896 802 3085 860 actus

639 918 907 975 tantum
958 913 1121 973 lusit
1164 911 1488 988 quaedam
1539 925 1710 984 quae
1756 911 1841 971 ab
1888 912 2037 987 ipsa
2082 912 2310 973 fabula
2356 916 2585 974 essent
2631 913 2870 974 aliena.

722 1029 1021 1104 Heroem,
1074 1044 1270 1103 quem
1319 1027 1552 1090 statim
1601 1031 1753 1102 post
1800 1027 2006 1088 Getae
2053 1028 2353 1103 Davique
2398 1029 2797 1105 colloquium
2838 1029 2904 1090 in
2943 1044 3083 1105 pro·

635 1146 860 1206 scenio
907 1143 1294 1220 apparuisse
1340 1142 1532 1203 docet
1575 1142 1734 1202 ordo
1784 1157 1911 1215 quo
1950 1157 2150 1218 supra
2180 1142 2513 1204 indicatae
2544 1147 2704 1204 sunt
2734 1159 3084 1220 personae,

632 1261 980 1336 prologum
1030 1259 1248 1333 egisse
1294 1271 1532 1317 scenae
1579 1255 1819 1316 initiali
1856 1255 2287 1318 subiunctum
2332 1256 2785 1332 intellegimus
2822 1256 3087 1318 collatis

635 1374 1101 1435 circumtonsa
1145 1372 1371 1433 fabula
1417 1369 1756 1431 Menandri
1804 1373 1873 1432 et
1916 1371 2283 1432 imitatoris
2330 1371 2615 1432 Romani
2660 1370 2907 1433 fabulis
2954 1371 3085 1432 Cis-

632 1487 923 1563 tellaria,
987 1487 1054 1548 in
1112 1501 1242 1561 qua
1288 1485 1622 1546 Auxilium
1667 1485 1832 1545 deus
1879 1484 1993 1545 illo
2040 1484 2367 1546 dramatis
2411 1484 2557 1546 loco
2603 1486 2966 1566 προλογίζει,
3016 1489 3084 1546 et

632 1601 833 1662 Milite
880 1600 1198 1675 glorioso,
1251 1600 1443 1661 cuius
1486 1599 1758 1661 fabulae
1798 1601 2267 1675 argumentum
2306 1600 2472 1661 item
2512 1603 2860 1661 enarratur
2896 1599 3085 1660 initio

633 1718 827 1776 actus
872 1715 1164 1776 secundi.
1211 1714 1463 1790 Nempe
1504 1714 1821 1789 prologus
1846 1718 1987 1788 post
2010 1714 2408 1790 principium
2436 1714 2693 1789 fabulae
2724 1714 3086 1776 collocatus

633 1844 767 1890 non
827 1829 1046 1890 solum
1109 1830 1279 1904 apud
1340 1827 1772 1889 Menandrum
1824 1827 1940 1888 sed
2003 1830 2072 1887 et
2128 1828 2302 1904 apud
2350 1828 2518 1888 alios
2570 1843 2889 1904 ¹,magnae
2936 1843 3083 1890 auc·

632 1944 929 2005 totitatis
998 1944 1262 2003 veteres
1322 1943 1601 2017 poetas”
1662 1941 2152 2018 inveniebatur,
2216 1945 2292 2002 ut
2352 1943 2586 2002 scribit
2642 1942 2945 2004 Donatus
3005 1943 3087 2003 ad

633 2057 1123 2118 Phormionem.
1204 2056 1427 2130 Neque
1503 2056 1905 2117 dissimilem
1986 2056 2317 2117 rationem
2398 2059 2676 2117 secutus
2752 2058 2857 2118 est
2925 2055 3083 2116 olim

632 2172 1140 2247 Aristophanes,
1205 2169 1314 2245 qui
1376 2172 1530 2244 post
1589 2171 1889 2231 iocosum
1952 2171 2234 2231 duorum
2282 2185 2633 2232 servorum
2682 2170 3083 2244 colloquium

633 2288 1105 2360 argumentum
1170 2283 1429 2345 fabulae
1477 2285 1771 2346 enarrari
1819 2285 1979 2345 fecit
2022 2286 2089 2346 in
2137 2285 2513 2361 EquitibuS,
2560 2285 2832 2361 Vespis‚
2883 2285 3080 2360 Pace,

633 2401 752 2460 hac
802 2415 934 2460 una
977 2400 1044 2459 in
1093 2415 1163 2460 re
1209 2400 1596 2475 discrepans
1644 2415 1684 2460 a
1729 2415 1914 2459 more
1964 2401 2075 2472 qui
2122 2402 2354 2473 postea
2392 2398 2701 2473 invaluit,
2744 2398 2914 2472 quod
2952 2413 3081 2459 non

633 2531 673 2574 a
732 2514 934 2575 tertia
994 2514 1218 2588 aliqua
1279 2528 1559 2589 persona
1619 2513 1735 2573 sed
1798 2513 1877 2572 ab
1940 2513 2151 2573 altero
2212 2527 2407 2573 servo
2462 2527 2539 2574 ea
2583 2514 2859 2588 proferri
2905 2512 3081 2574 fecit.

637 2627 698 2688 A
761 2643 923 2689 nova
968 2629 1196 2688 autem
1239 2642 1518 2702 persona
1561 2619 1863 2702 prolatus
1911 2625 2223 2702 prologus
2264 2627 2333 2687 in
2379 2625 2623 2687 fabulis
2668 2627 3087 2688 Menandreis

635 2747 1129 2820 quadamtenus
1176 2742 1405 2818 explet
1451 2742 1671 2804 locum
1719 2749 1825 2819 τῆς
1857 2750 1965 2801 τοῦ
2004 2750 2189 2820 χοροῦ
2228 2740 2531 2820 παρόδου,
2565 2757 2769 2818 quam
2801 2741 3087 2802 habebat

631 2861 856 2937 prisca
916 2859 1288 2934 comoedia,
1353 2858 1750 2919 intersertus
1812 2858 2135 2919 nimirum
2195 2858 2373 2919 inter
2432 2873 2702 2919 scenam
2751 2858 3083 2919 initialem

631 2976 982 3051 ipsumque
1041 2972 1305 3033 fabulae
1365 2987 1622 3048 corpus.
1684 2971 1977 3033 Numina
2035 2972 2323 3046 denique
2380 2970 2814 3051 προλογίζοντα
2872 2987 2908 3032 e
2953 2975 3081 3032 tra·

633 3088 866 3164 goedia
910 3089 978 3147 in
1025 3102 1271 3148 novam
1321 3087 1732 3148 comoediam
1783 3102 1932 3147 esse
1978 3088 2429 3162 transsumta,
2472 3086 2588 3146 vix
2627 3088 2730 3147 est
2767 3086 2938 3160 quod
2978 3085 3085 3145 hic

634 3204 1044 3263 observetur.

724 3318 874 3377 Fuit
917 3312 1123 3393 ’Ἥρως
1178 3313 1322 3387 θεὸς
1369 3312 1595 3387 ἐκεῖνος
1641 3313 1882 3391 genius
1927 3314 2236 3376 tutelaris
2284 3315 2553 3390 domus,
2604 3329 2801 3388 quem
2848 3312 3084 3374 Larem

627 3430 1022 3503 familiarem
1083 3430 1351 3490 vocavit
1397 3428 1676 3490 Plautus
1716 3430 1909 3490 initio
1955 3428 2218 3490 fabulae
2266 3428 2671 3489 Aululariae.
2734 3427 3087 3488 Praeterea

632 3544 915 3605 conferri
975 3546 1258 3619 possunt
1308 3544 1588 3604 numina
1634 3543 1809 3618 apud
1857 3542 2171 3621 Plautum
2218 3543 2569 3619 prologum
2617 3542 2887 3617 agentia
2932 3542 3083 3602 Arc·

633 3634 818 3719 turus
856 3658 1046 3719 initio
1082 3658 1410 3719 Rudentis
1447 3656 1710 3718 fabulae
1750 3664 1974 3731 (quam
2016 3656 2338 3733 aDiphilo
2363 3658 2714 3718 mutuatus
2738 3659 2841 3717 est
2864 3656 2999 3726 ille)
3024 3659 3089 3717 et

636 3773 933 3835 Luxuria
980 3774 1171 3834 initio
1220 3773 1595 3835 Trinummi
1642 3778 1702 3844 (e
1749 3772 2161 3834 Philemonis
2200 3772 2535 3833 Thesauro
2574 3768 2853 3851 ductae).
2894 3772 3085 3845 Apud

636 3890 1067 3951 Menandrum
1115 3891 1341 3950 autem
1389 3889 1456 3948 in
1507 3888 1843 3964 deperdito
1884 3885 2102 3961 aliquo
2144 3888 2445 3948 dramate
2484 3885 2830 3963 prologum
2872 3884 3091 3957 egisse

634 4001 740 4063 τὸν
787 4000 1085 4082 ’Ἔλεγχον
1148 4036 1228 4046 -
1291 4002 1438 4063 sive
1497 4004 1649 4078 post
1708 4017 1979 4063 scenam
2042 4001 2373 4062 initialem
2436 4000 2581 4061 sive
2638 4001 2782 4074 ipso
2828 3996 3088 4057 fabulae

634 4118 824 4177 initio
877 4150 956 4161 —
1005 4118 1197 4178 docet
1257 4117 1586 4177 Lucianus
1619 4112 1694 4192 1),
1745 4115 1827 4177 cf.
1877 4117 2077 4177 etiam
2128 4114 2255 4175 Aer
2302 4114 2469 4189 apud
2519 4113 2975 4173 Philemonem
3011 4106 3087 4187 ²),

641 4232 835 4291 Metus
881 4230 1052 4305 apud
1097 4231 1427 4292 comicum
1479 4245 1893 4305 anonymum
1945 4229 2142 4291 verba
2188 4228 2439 4289 faciens
2472 4220 2539 4295 ³).

707 4536 747 4599 ι)
784 4540 862 4587 Cf.
897 4540 1033 4587 Men.
1071 4540 1133 4587 fr.
1171 4540 1287 4586 545.

703 4617 746 4679 ²)
787 4618 1010 4667 Philem.
1047 4620 1110 4667 fr.
1146 4621 1228 4667 91.

702 4696 746 4761 ³)
783 4702 925 4749 Gom.
961 4701 1144 4761 adesp.
1182 4701 1244 4747 fr.
1284 4702 1398 4748 154.
