3519 5416
1536 604 1770 649 SAMIA.

2755 590 2878 648 149

780 770 857 833 οὗ
900 772 1048 845 θεός
1094 787 1195 835 σοι
1238 766 1466 850 φαίνετ’
1520 766 1710 847 εἶναι;

1394 973 1914 1032 ΝΙΚΗΡΑΤΟΣ.

426 1201 557 1261 260

1828 1084 2130 1162 φαίνεται·
2174 1085 2234 1145 τί
2272 1084 2387 1166 γὰρ
2431 1086 2650 1161 adom

783 1198 857 1261 οὐ
904 1199 1215 1280 μαχοῦμαί
1257 1215 1355 1261 σοι
1401 1198 1505 1261 διὰ
1547 1206 1745 1277 κενῆς.

1447 1389 1850 1447 ΔΗΜΕΑΣ.

1789 1508 1942 1561 νοῦν
1989 1498 2136 1578 ἔχεις
2147 1544 2164 1577 ,
2209 1499 2533 1581 Νικήρατε.

779 1614 1132 1694 Ἀνδροκλῆς
1177 1613 1278 1695 ἔτη
1323 1586 1589 1677 τοσαῦτα
1638 1616 1739 1699 ζῇ,
1783 1612 1998 1693 τρέχει,
2043 1616 2245 1698 χλιδᾷ,
2293 1614 2455 1676 πολὺ

778 1728 1119 1810 πράττεται,
1162 1727 1344 1808 μέλας
1390 1733 1732 1809 περιπατεῖ,
1780 1763 1861 1775 -
1910 1725 2122 1800 λευκὸς
2155 1727 2284 1803 ,οὐκ
2319 1724 2398 1787 ἂν
2433 1726 2768 1808 ἀποθάνοι,
2795 1766 2874 1777 -

495 1921 607 1967 280.
642 1936 717 1968 σοι
751 1920 831 1967 διὰ
864 1920 1019 1982 κενῆς]
1054 1920 1132 1967 διὰ
1167 1928 1299 1981 κενῆς
1334 1939 1409 1969 σοι
1446 1920 1721 1970 Richards.

493 1998 605 2046 261.
637 1995 838 2061 *tandm
884 2001 1033 2048 παιδα
1077 2000 1209 2059 cod„
1251 2002 1378 2063 πηδᾷ
1413 1998 1649 2059 Οτὸιιοει,
1684 2003 1837 2056 παίζει
1872 2000 2134 2058 Sudhaus,
2168 2005 2278 2063 γελᾷ
2311 2000 2530 2049 Bitu-em.
2567 2002 2670 2049 Bes
2701 2002 2876 2050 dubia.

436 2104 498 2109 .—
525 2104 960 2113 ——-———

426 2158 567 2227 legit
622 2160 977 2217 Athenaeus
1008 2158 1068 2226 1).
1129 2160 1383 2231 Scripsit
1422 2162 1601 2218 convi-

423 2254 581 2308 vium
638 2252 908 2323 aliquod,
950 2255 1108 2322 quod
1149 2255 1474 2322 Κυρηβίωνα
1513 2254 1601 2309 in-

1781 2162 1893 2217 261
1943 2174 2032 2229 sq.
2075 2160 2396 2217 Androcles
2436 2161 2678 2217 aliunde
2709 2161 2872 2230 igno·

1697 2255 1818 2310 tus.
1850 2253 2006 2309 Nam
2041 2252 2360 2323 Sophilum
2396 2253 2693 2309 comicum
2715 2256 2872 2322 quod

423 2344 670 2415 scripsit
690 2342 767 2415 2);
842 2345 957 2402 fuit
1028 2349 1237 2403 autem
1314 2348 1599 2415 Κυρηβίων
1692 2344 2056 2402 Androclem
2085 2345 2407 2415 scripsisse
2426 2344 2691 2403 fabulam
2712 2361 2872 2403 acce·

420 2438 552 2495 sive
580 2439 838 2508 Furfuro
866 2436 910 2506 3)
940 2454 1278 2509 cognomen
1298 2439 1595 2496 ludicrum

420 2531 744 2603 Epicratis,
792 2546 975 2600 quem
1016 2532 1352 2589 Aeschines
1393 2534 1597 2589 orator

419 2623 631 2681 habuit
684 2639 975 2694 generum
999 2622 1063 2692 4).
1121 2624 1347 2682 Nostro
1386 2626 1597 2681 autem

422 2717 550 2774 loco
590 2719 746 2786 quod
780 2721 1093 2787 ἀσύμβολος
1115 2718 1249 2776 sive
1267 2719 1457 2790 qratia
1475 2721 1596 2787 τρέ-

424 2811 625 2875 φεσθαι
670 2809 886 2865 dicitur
926 2809 1344 2880 Chaerephon,
1381 2808 1594 2864 iisdem

422 2900 620 2956 verbis
692 2903 764 2958 de
840 2916 910 2958 eo
971 2901 1199 2958 dictum
1260 2899 1376 2957 fuit
1436 2901 1594 2969 apud

419 2993 735 3050 Alexidem
756 2991 833 3060 ⁵):
879 2996 964 3049 ἀεί
997 2997 1056 3060 γ’
1090 2997 1123 3049 ό
1157 2995 1452 3062 Χαιρεφῶν
1487 2994 1598 3046 τιν’

420 3087 685 3154 εὑρίσκει.
717 3089 934 3154 τέχνην·
974 3083 983 3152 Ι
1021 3091 1109 3142 καί
1165 3093 1267 3141 νΟν
1315 3086 1597 3154 πορίζεταί

418 3197 483 3245 γε
522 3183 595 3235 τὰ
656 3183 837 3235 δεῖπν’
897 3183 1200 3248 ἀσύμβολα.
1238 3175 1248 3246 Ι
1284 3181 1429 3235 ὅπου
1488 3182 1595 3247 γάρ

421 3275 570 3328 ἐστιν
630 3277 661 3328 ὁ
723 3276 960 3343 κέραμος
1003 3276 1341 3342 μισθώσιμος
1376 3278 1385 3347 Ι
1422 3276 1453 3328 ὁ
1480 3281 1598 3338 τοῖς

420 3367 721 3434 μαγείροις,
760 3370 921 3432 εὐθὺς
956 3369 1011 3425 ἐξ
1044 3369 1279 3422 ἑωθινοῦ
1316 3369 1325 3439 Ι
1363 3370 1595 3437 ἕστηκεν

419 3461 611 3514 ἐλθών·
657 3462 760 3514 κᾶν
802 3462 891 3530 ἴδῃ
936 3463 1308 3528 μισθούμενον
1344 3459 1353 3527 Ι
1391 3462 1466 3525 εἰς
1508 3464 1595 3516 ἑσ·

416 3552 622 3620 τίασιν,
664 3559 768 3606 τοῦ
805 3555 1067 3622 μαγείρου
1102 3555 1413 3620 πυθόμενος
1448 3554 1457 3622 Ι
1494 3557 1595 3608 τὸν

419 3647 719 3712 ἑστιῶντα,
757 3652 858 3714 τῆς
884 3649 1055 3712 θύρας
1075 3647 1444 3713 χασμωμένης
1479 3649 1488 3718 Ι
1526 3648 1595 3699 ἂν

419 3740 766 3807 ἐπιλάβηται,
814 3745 1039 3806 πρῶτος
1081 3739 1444 3806 εἰσελήλυθεν.

499 3831 635 3886 259.
677 3832 731 3885 τί
788 3834 893 3899 γὰρ
942 3833 1127 3899 πάθω]
1170 3830 1348 3887 inviti
1390 3844 1591 3886 conce·

418 3923 621 3978 dentis
666 3937 787 3979 vox
816 3920 878 3989 ὃ).

500 4017 633 4071 260.
680 4019 767 4070 διὰ
812 4019 992 4085 κενῆς]
1030 4017 1268 4084 frustra
1300 4038 1381 4062 =
1411 4017 1593 4084 μάτην

417 4107 511 4163 vel
552 4109 729 4172 ἄλλως
756 4103 821 4173 7).

1692 2439 1922 2508 pimus,
1953 2439 2084 2495 sive
2112 2439 2275 2496 hunc
2295 2438 2425 2496 sive
2445 2439 2869 2507 cognominem

1691 2532 1952 2601 aliquem
2026 2531 2334 2588 hominem
2411 2531 2734 2603 spectavit,
2809 2532 2868 2587 id

1690 2624 1840 2680 nihil
1921 2625 2096 2680 nobis
2177 2625 2459 2694 prodest;
2541 2639 2738 2693 neque
2803 2626 2870 2680 in

1687 2719 2094 2776 feneratorem
2130 2718 2497 2790 Sphettium‚
2532 2719 2624 2775 cui
2658 2719 2867 2776 Demo·

1690 2811 1946 2867 sthenes
2003 2811 2340 2868 orationem
2394 2811 2715 2880 scripsisse
2761 2811 2868 2868 fer·

1690 2905 1793 2958 tur
1813 2899 1886 2977 8),
1949 2903 2103 2960 satis
2163 2903 2535 2960 conveniunt
2587 2918 2742 2972 quae
2795 2905 2868 2960 de

1690 2997 1904 3052 nostro
1943 2995 2239 3051 Androcle
2278 2996 2577 3052 dicuntur.
2615 2995 2869 3052 Videtur

1689 3089 2072 3156 quaerendus
2116 3102 2256 3144 esse
2288 3088 2349 3144 in
2386 3103 2458 3146 eo
2490 3088 2615 3145 fere
2647 3103 2867 3158 genere

1690 3181 2006 3237 hominum
2070 3182 2230 3238 unde
2282 3180 2398 3237 fuit
2453 3180 2868 3250 Chaerephon.

1690 3273 1913 3330 Fuitne
1986 3275 2406 3340 γελωτοποιόςῖ
2473 3274 2589 3329 Sed
2651 3276 2866 3342 τρέχειν

1690 3381 1798 3422 cur
1852 3366 2086 3422 dicatur
2139 3365 2466 3422 nescimus.
2516 3365 2682 3434 Quod
2723 3369 2866 3421 πολὺ

1689 3462 1990 3527 πράττεται
2031 3459 2213 3516 homo
2256 3458 2442 3515 etiam
2482 3473 2694 3528 senex,
2733 3473 2865 3515 con·

1689 3550 1817 3607 fero
1873 3553 1972 3615 τὰς
2029 3553 2246 3619 ἑταίρας
2292 3554 2392 3616 τὰς
2432 3553 2518 3606 ἐπὶ
2560 3554 2632 3606 τὰ
2673 3555 2867 3606 δεῖπνα

1689 3647 1994 3711 τρεχούσας
2058 3647 2145 3697 καὶ
2209 3645 2342 3698 δέκα
2399 3647 2644 3712 δραχμὰς
2695 3662 2865 3712 πρατ-

1687 3737 1950 3803 τομένας,
2008 3737 2079 3791 de
2133 3736 2350 3803 quibus
2407 3750 2595 3805 supra
2642 3736 2867 3794 Demea

1687 3843 1824 3886 cum
1869 3830 2182 3884 contemtu
2223 3828 2465 3885 locutus
2508 3831 2606 3885 est
2641 3825 2704 3894 9).

1769 3921 1905 3977 262.
1949 3921 2208 3990 Capillos
2269 3921 2458 3990 igitur
2497 3922 2723 3978 tinctos
2765 3923 2868 3978 ha-

1686 4015 1866 4070 bebat
1947 4015 2128 4070 homo
2220 4015 2417 4070 artem
2509 4015 2867 4071 senescendi

1686 4107 1986 4163 nesciens.

486 4329 523 4394 ι)
559 4332 637 4384 ct.
682 4336 867 4383 Athen.
915 4336 1249 4384 Ἤδη-Μία
1294 4338 1382 4397 (-·-
1401 4338 1538 4386 Men.
1584 4337 1647 4383 fr.
1684 4338 1799 4394 277,
1837 4339 1953 4394 820,
1989 4338 2088 4383 364
2124 4335 2402 4395 Antiphus.
2439 4337 2535 4383 199
2572 4335 2798 4383 'l'imoth-
2838 4337 2861 4382 1

417 4403 635 4451 Timool.
691 4404 719 4450 9
766 4403 1005 4463 Apollod.
1053 4401 1251 4462 θαι-γει.
1298 4407 1383 4462 24,
1430 4407 1493 4452 26
1540 4404 1759 4452 Machon
1807 4402 1860 4450 in
1905 4401 2127 4463 Chriis);
2169 4403 2287 4451 add.
2337 4404 2478 4450 Alex.
2517 4405 2578 4450 fr.
2614 4404 2732 4463 210,
2767 4404 2863 4449 257

414 4469 600 4517 Athen.
654 4471 804 4518 584e.
859 4497 919 4506 —
974 4469 1017 4534 ἲ)
1050 4473 1235 4518 Athen.
1286 4473 1443 4519 sua.
1490 4496 1549 4506 —
1599 4469 1640 4532 ³)
1675 4469 1751 4519 Cf.
1801 4474 1884 4519 Δι’.
1925 4473 2022 4530 Eq.
2059 4471 2174 4519 254.
2209 4496 2270 4506 -
2305 4466 2352 4530 ⁴)
2386 4471 2568 4518 Athen.
2605 4469 2764 4517 uad.
2801 4495 2860 4504 —-

416 4534 459 4596 ⁵)
492 4538 606 4585 L.1.
640 4538 809 4598 (Alex.
846 4539 910 4585 fr.
946 4538 1083 4597 267).
1128 4565 1182 4573 —
1220 4534 1264 4599 ⁸)
1300 4539 1379 4586 Of.
1414 4552 1488 4584 vs.
1524 4540 1640 4587 286.
1672 4564 1733 4574 -
1773 4535 1816 4602 ⁷)
1851 4537 1928 4584 Cf.
1966 4553 2040 4586 vs.
2078 4539 2174 4586 32⁷
2212 4538 2274 4584 fr.
2312 4536 2430 4585 580¹
2462 4540 2548 4585 Ar.
2578 4538 2734 4599 Vesp.
2765 4539 2864 4585 929

415 4605 549 4652 Plat.
586 4607 651 4652 fr.
690 4603 833 4654 1⁷4„
864 4606 1010 4655 Alex.
1048 4603 1192 4654 174ιο
1225 4607 1491 4667 Euphron.
1529 4602 1602 4654 1³¹
1637 4607 1854 4655 Timool.
1889 4603 2136 4669 ΤΗΣ-Β)
2156 4605 2478 4666 [Demosth.]
2507 4605 2708 4668 XXXV,
2734 4618 2870 4665 quae

414 4673 554 4721 eirca
589 4687 783 4722 annum
821 4676 921 4723 850
954 4674 1134 4722 habita
1168 4674 1377 4723 videtur
1410 4677 1596 4723 oratio.
1630 4699 1696 4710 --
1732 4672 1774 4734 ⁹)
1810 4675 1980 4736 Supra
2012 4687 2088 4722 vs.
2128 4675 2223 4722 177
2259 4687 2337 4737 sq.
