3519 5416
578 558 703 616 162
1617 569 1973 613 APPnnmx.

663 742 734 801 in
779 741 1028 803 altera:

1016 857 1124 926 ῡ-]
1154 852 1343 934 ,ἔρως
1389 875 1483 933 γε,
1526 852 1606 932 νὴ
1655 848 1781 933 Δί’,
1827 846 1875 914 ὦ
1919 855 2270 935 rumh-‘n

1016 994 1199 1029 ῡ-υ-
1225 971 1245 1040 ]
1275 965 1524 1047 ἕστηκας
1572 988 1591 1033 2
1642 960 1744 1029 οἷα
1788 966 1902 1049 γὰρ
1951 966 2139 1049 λέγεις

950 1114 957 1119 ·
1016 1087 1300 1156 ῡ-υ-ῡ]
1328 1107 1390 1144 αι
1436 1082 1719 1145 δέδοκταί
1761 1105 1866 1161 μοι
1911 1082 2099 1144 πάλαι

1016 1196 1404 1276 ῡ-υ-ῡ]νὴ
1454 1193 1551 1257 Δί’
1604 1189 1671 1259 εὖ
1716 1191 1769 1277 γ’
1819 1189 1867 1257 ὦ
1916 1197 2214 1278 Μυρρίνη

1014 1338 1202 1374 ῡ-υ-
1228 1316 1248 1385 ]
1277 1334 1350 1373 ον
1396 1305 1654 1389 ποιμέν’,
1699 1306 1767 1384 ὃς
1813 1311 2202 1391 βληχώμενον

578 1462 653 1471 -
707 1443 873 1503 quae
931 1432 1195 1505 propter
1243 1427 1520 1503 pastoris
1582 1428 1651 1486 et
1708 1424 2080 1504 Myrrhinae
2140 1425 2550 1487 mentionem
2612 1426 2693 1487 ad
2741 1426 3026 1488 Heroem

569 1542 862 1604 fabulam
912 1542 1333 1618 probabiliter
1376 1541 1737 1601 admodum
1785 1540 2050 1602 rettulit
2094 1540 2435 1603 Lefebvre.

1626 1728 1633 1735 ’
1750 1754 1855 1817 12.

659 1894 911 1956 Partim
957 1894 1258 1954 nostram
1305 1892 1598 1953 fabulam
1645 1894 1950 1969 spectant
1997 1857 2234 1954 verba:
2280 1890 2388 1953 τὸν
2440 1892 2664 1972 Θίμβιν
2699 1889 2733 1953 ὁ
2783 1891 3029 1954 Μέναν-

571 2009 712 2089 δρος
760 2016 1019 2085 συνεχῶς
1072 2008 1312 2085 Τίβειον
1358 2002 1653 2082 ὀνομάζει.

1170 2117 1304 2164 Men.
1340 2117 1403 2163 fr.
1444 2118 1571 2165 1075
1604 2116 1693 2177 (ex
1726 2118 1964 2178 Append.
2001 2118 2245 2178 proverb.
2285 2119 2441 2180 8:29).

571 2288 683 2348 ubi
728 2287 960 2363 scripsi
1012 2284 1251 2363 Τίβειον
1296 2300 1412 2362 pro
1465 2285 1674 2364 Τίβιον
1720 2287 1827 2358 (cf.
1865 2286 2126 2348 fabulae
2164 2302 2262 2348 vs.
2306 2287 2412 2364 21,
2457 2288 2586 2358 28).
2625 2287 2752 2349 Sed
2798 2303 3026 2349 verum

570 2403 627 2464 si
700 2403 866 2463 vidit
932 2400 1241 2482 Bentley,·
1292 2400 1497 2462 etiam
1559 2400 1731 2461 alius
1791 2399 2054 2461 fabulae
2113 2400 2550 2464 Menandreae
2612 2417 2845 2463 versus
2906 2402 3029 2463 hoc

575 2531 816 2578 nomen
864 2514 1252 2591 praebebat:

1014 2625 1282 2705 εὐθυμία
1327 2626 1422 2707 βία
1468 2625 1574 2689 τὸν
1620 2627 1847 2688 δοῦλον
1892 2625 2120 2708 τρέφει,

573 2744 682 2806 ubi
741 2758 858 2819 pro
919 2741 1011 2821 βίε
1056 2742 1245 2803 nihili
1293 2743 1530 2804 vocula
1572 2743 1854 2818 Bentley
1896 2744 2164 2821 scripsit
2206 2766 2298 2805 τοι
2349 2745 2542 2822 Τίβιε,
2583 2759 2762 2806 nunc
2809 2744 3020 2806 Head-

571 2860 706 2920 lam
738 2856 998 2934 ‚melius
1048 2855 1261 2935 Τίβειε.

1172 2967 1309 3015 Men.
1344 2968 1407 3015 fr.
1444 2969 1538 3016 281
1577 2969 1628 3026 (ο
1662 2969 1806 3016 stob.
1843 2967 1977 3016 Flor.
2009 2969 2092 3026 62,
2127 2964 2232 3029 81).

659 3137 792 3198 Nec
829 3151 961 3198 non
996 3139 1071 3215 in,
1091 3137 1440 3200 Mulierum
1465 3139 1667 3200 Osore
1690 3139 1860 3200 'Pibii
1883 3141 2153 3202 nomine
2177 3155 2342 3202 usus
2365 3140 2627 3202 videtur
2650 3140 3026 3218 Menander,

571 3251 631 3312 si
676 3251 943 3325 quidem
992 3267 1227 3314 versus
2827 3245 2834 3253 ’

1016 3359 1136 3428 ἀλλ’
1194 3364 1269 3428 οὗ
1320 3366 1561 3446 Τιβείου
1608 3377 1733 3452 νῷν
1779 3366 1922 3441 ἴσως
1968 3367 2068 3428 δεῖ
2102 3367 2425 3448 φροντίσαι

572 3482 752 3541 recte
812 3479 909 3540 sic
965 3479 1273 3541 scribitur
1330 3478 1425 3551 (τὰ
1482 3479 1623 3560 βίου
1670 3482 1833 3558 cod„
1878 3479 1952 3541 τὰ
2003 3481 2218 3560 Τιβίου
2267 3481 2512 3559 Bergk,
2562 3480 2803 3543 melius
2848 3495 3027 3542 nunc

572 3593 901 3658 Headlam
952 3594 1238 3673 Τιβείου).

1166 3705 1304 3754 Men.
1337 3706 1399 3753 fr.
1434 3707 1535 3754 880
1568 3706 1621 3765 (ο
1657 3704 1908 3754 Priscian.
1947 3708 2029 3766 18,
2063 3707 2204 3768 805).

659 3871 939 3934 Brevem
989 3889 1137 3936 esse
1182 3873 1508 3949 syllabam
1562 3877 1659 3935 Τι-
1706 3875 1898 3937 docet
1942 3879 2211 3939 nostrae
2263 3863 2525 3938 fabulae
2571 3889 2808 3936 versus
2856 3875 2962 3935 28.
