3519 5416
561 538 686 597 164
1600 552 1961 598 APPnnmx.

1754 726 1818 785 5.

1001 834 1301 922 ἐλευθέρῳ
1346 835 1411 898 τὸ
1457 841 1902 918 καταγελᾶρθαι
1947 834 2058 915 μὲν
2103 837 2260 899 πολὺ

998 951 1305 1031 αἴσχιστόν
1352 950 1488 1011 ἔστι·
1533 950 1599 1012 τὸ
1647 945 1704 1012 δ’
1756 947 2063 1012 ὀδυνᾶσθ’
2114 949 2531 1033 ἀνθρώπινον.

1155 1063 1292 1111 Men.
1329 1064 1393 1111 fr.
1431 1065 1526 1111 17ss
1560 1064 1613 1123 (e
1649 1064 1796 1113 Stob.
1831 1062 1967 1111 mor.
2004 1065 2086 1120 8⁹,
2122 1061 2190 1127 5).

1755 1210 1816 1269 6.

1000 1318 1183 1383 οὐδὲν
1228 1319 1546 1394 πέπονθας
1594 1320 1799 1382 δεινὸν
1843 1318 1922 1381 ἂν
1969 1321 2050 1400 μὴ
2096 1332 2398 1407 προσποῇ.

1158 1433 1295 1480 Men.
1332 1435 1394 1480 fr.
1435 1434 1530 1481 179
1566 1432 1651 1491 (ex
1687 1433 1860 1481 Orion.
1880 1433 2036 1480 Anth.
2076 1434 2120 1489 ’1,
2157 1434 2229 1493 8).

1755 1579 1817 1639 ’7.

1893 1688 2188 1771 ἕξετύφην
2232 1688 2344 1768 μὲν
2393 1683 2508 1753 οὖν

998 1780 1286 1842 κλείουσα.

1153 1892 1289 1939 Men.
1326 1892 1389 1938 fr.
1426 1893 1523 1940 184
1560 1894 1609 1950 (ο
1646 1892 1809 1940 schol.
1847 1893 1968 1940 Eur.
2003 1893 2198 1940 Phoen.
2237 1893 2407 1953 1154).

642 2035 736 2097 Of.
784 2036 864 2095 fr.
912 2036 1041 2097 505
1083 2040 1141 2106 (e
1180 2035 1627 2112 Philadelphis
1665 2037 2112 2108 desumtum):
2155 2034 2231 2115 νὴ
2268 2034 2373 2098 τὸν
2413 2036 2533 2098 Δία
2569 2036 2674 2099 τὸν
2711 2034 3010 2117 μέγιστον,

552 2145 981 2227 ἐκτυφήσομαι.

636 2263 1021 2339 Sophronee
1067 2263 1349 2325 nutricis
1392 2264 1558 2326 haec
1605 2280 1752 2325 esse
1799 2264 2229 2341 probabiliter
2275 2226 2553 2327 coniecit
2598 2266 2934 2331 Lefebvre.

640 2512 833 2593 ἐχῖνος
882 2520 1053 2587 (va8).
1751 2429 1812 2488 8·

1152 2627 1286 2674 Men.
1324 2627 1387 2677 fr.
1425 2628 1521 2675 185
1557 2628 1642 2688 (ex
1678 2623 1970 2691 Erotiano).

1750 2774 1814 2833 9.

641 2886 1129 2948 Fortassehuc
1172 2887 1554 2948 referendus
1598 2889 1702 2948 est
1749 2902 1983 2948 versus
2030 2902 2349 2948 mancus:

993 3004 1151 3078 φιλῶ
1197 2994 1279 3078 α’,
1317 2995 1625 3079 Ὀνήσιμε“
1675 2996 1779 3060 καὶ
1828 2999 1904 3060 σὺ
1952 3000 2263 3080 περίεργος
2311 2993 2378 3060 εἴ.

637 3113 763 3173 Ubi
810 3115 1095 3175 fortasse
1134 3108 1422 3192 Ὀνήσιμ’·
1470 3107 1593 3175 εἶτα
1640 3117 1746 3175 eet
1792 3115 2164 3189 legendum.

1146 3226 1282 3272 Men.
1334 3227 1395 3272 fr.
1445 3227 1542 3273 849
1594 3225 1648 3286 (6
1694 3223 1862 3272 Crem.
1907 3225 2101 3272 Aneod.
2153 3223 2318 3273 Paris.
2365 3225 2434 3274 IV
2484 3226 2618 3282 418).
2666 3225 2744 3274 Of.
2791 3226 3001 3274 fabulae

1216 3317 1292 3352 vs.
1332 3305 1416 3363 45,
1451 3307 1565 3353 858.

639 3514 859 3575 Facile
894 3517 1241 3590 praeterea
1278 3514 1652 3590 suspicetur
1689 3517 1842 3589 quis
1879 3531 1960 3576 ex
2002 3515 2126 3576 hac
2163 3515 2390 3576 fabula
2429 3518 2816 3591 excerptum
2859 3530 3006 3576 esse

547 3630 991 3705 fragmentum
1030 3629 1200 3703 quod
1240 3629 1559 3706 sequitur,
1603 3629 1948 3690 Smicrinis
1983 3629 2190 3704 igitur
2227 3630 2307 3690 ad
2346 3627 2552 3689 filiam
2585 3644 2736 3690 esee
2761 3629 2996 3703 verba3

546 3744 661 3804 sed
729 3744 1044 3818 quoniam
1117 3744 1182 3804 in
1250 3757 1519 3804 scenam
1581 3744 1910 3818 prodiisse
1972 3743 2325 3820 Pamphila
2382 3759 2514 3804 non
2577 3743 2860 3819 videtur,
2917 3775 2996 3786 —

548 3859 750 3919 verba
787 3859 963 3918 certe
1000 3857 1239 3918 fecisse
1275 3856 1461 3917 illam
1506 3859 1644 3917 veri
1684 3860 1790 3918 eet
1827 3857 2156 3918 dissimile
2195 3857 2298 3929 (cf.
2326 3859 2552 3919 tamen
2577 3872 2677 3919 vs,
2704 3859 2885 3934 404),
2916 3891 2997 3901 —

547 3986 757 4044 neque
826 3971 907 4031 de
974 3971 1249 4031 absente
1316 3970 1385 4029 hi
1460 3984 1689 4031 versus
1757 3971 2083 4047 dicuntur,
2147 3971 2369 4046 potius
2428 3971 2852 4031 statuendum
2917 3986 3001 4030 ex

548 4083 681 4144 alia
726 4083 951 4144 fabula
996 4084 1377 4145 desumtos:

1909 4173 2190 4254 χαλεπόν,
2237 4173 2555 4253 Παμφίλη,

993 4281 1283 4370 ἐλευθέρᾳ
1328 4284 1575 4366 γυναικὶ
1619 4287 1771 4365 πρὸς
1817 4287 2056 4369 πόρνην
2103 4288 2278 4366 μάχη.

988 4401 1237 4461 πλείονα
1283 4405 1627 4481 κακουργεῖ,
1670 4397 1891 4462 πλείον’
1945 4395 2089 4480 οἶδ’,
2135 4401 2477 4482 αἰσχύνεται

994 4513 1199 4592 οὐδέν,
1242 4515 1555 4576 κολακεύει
1600 4520 1847 4592 μᾶλλον.

1148 4626 1283 4673 Men.
1322 4627 1385 4672 fr.
1424 4627 1536 4674 566.
