3519 5416
592 569 616 626 1
632 567 671 626 6
1561 579 2061 626 υῐεοΕΡΤΑΜΕε.

507 797 510 800 -
585 754 954 829 dignusque
1015 752 1125 827 qui
1189 749 1479 813 carnifici
1541 753 1849 814 tradatur
1910 767 2110 827 quam
2172 753 2437 816 iuvenis
2496 754 2852 831 ingenuus,
2928 749 3041 829 qui

582 869 776 929 nocte
837 870 906 928 et
965 866 1118 928 vino
1167 866 1492 942 pellectus
1539 863 1818 928 humani
1866 867 2022 942 quid
2068 867 2138 929 in
2187 883 2259 928 se
2306 869 2673 931 admiserit.
2747 869 3040 945 Quocum

582 983 907 1058 quomodo
956 983 1023 1043 in
1071 983 1355 1058 gratiam
1396 982 1612 1043 redire
1651 982 1869 1058 potuit
1905 981 2328 1060 Philumena,
2370 986 2722 1059 postquam
2762 983 3039 1046 anulum

582 1114 782 1160 suum
826 1099 893 1158 in
941 1098 1147 1172 digito
1193 1097 1567 1159 meretricis
1615 1097 1967 1157 inventum
2019 1111 2169 1158 esse
2216 1098 2519 1158 audivit?

669 1428 746 1488 In
793 1426 1036 1488 codicis
1082 1425 1476 1501 fragmentis
1525 1442 1737 1502 neque
1784 1426 2047 1488 fabulae
2092 1442 2335 1489 nomen
2384 1430 2689 1503 superest
2738 1423 2778 1499 ι)
2826 1444 3038 1504 neque

583 1542 934 1603 metricum
971 1542 1438 1616 argumentum
1482 1556 1696 1616 neque
1727 1533 1929 1602 index
1951 1555 2417 1619 personarum,
2458 1545 2524 1602 et
2546 1542 2759 1616 ipsius
2779 1542 3039 1603 fabulae

581 1655 920 1733 perierunt
954 1656 1146 1716 actus
1182 1654 1440 1730 primus
1473 1655 1875 1735 secundique
1913 1655 2204 1716 initium.
2238 1656 2365 1716 Sed
2404 1655 2641 1716 ultima
2663 1663 2818 1732 pars
2841 1656 3041 1717 huius

577 1770 856 1831 lacunae
893 1771 1114 1845 potest
1149 1769 1455 1830 resarciri
1487 1784 1609 1846 ope
1647 1769 2011 1845 fragmenti
2050 1771 2130 1832 ab
2171 1770 2568 1832 Iernstedtio
2594 1771 2755 1832 olim
2779 1771 2939 1832 editi
2970 1765 3037 1848 ²),

580 1887 649 1946 et
711 1899 944 1946 versus
1011 1883 1250 1959 perditi
1319 1883 1474 1957 quid
1542 1883 1680 1945 fere
1751 1885 2209 1946 continuerint
2282 1884 2606 1960 probabili
2664 1885 3040 1946 coniectura

581 1999 844 2060 videtur
878 2013 1073 2075 posse
1111 1997 1296 2059 effici.
1339 1998 1507 2058 Nam
1549 2013 1584 2058 e
1622 2013 1722 2059 vs,
1770 1999 1895 2059 166
1938 2001 2211 2075 apparet
2246 1997 2437 2060 initio
2476 1999 2737 2060 fabulae
2760 1997 3037 2068 alicuius

581 2115 774 2188 coqui
818 2114 1229 2175 mentionem
1277 2128 1424 2174 esse
1471 2112 1755 2190 factam,
1807 2115 1875 2174 et
1920 2128 2205 2187 coquum
2256 2114 2324 2174 in
2370 2113 2495 2174 hac
2532 2112 2755 2175 fabula
2795 2112 3039 2186 aliquid

578 2230 871 2291 iocatum
941 2243 1090 2291 esse
1159 2228 1349 2290 docet
1417 2230 1805 2290 Athenaeus
1868 2230 2087 2305 659b3
2153 2230 2527 2291 cuiusmodi
2593 2230 2758 2290 iocis
2826 2229 3041 2305 aptior

581 2358 911 2418 nusquam
970 2342 1098 2402 fuit
1155 2338 1342 2403 l'ocus
1399 2359 1599 2416 quam
1660 2343 1729 2404 in
1792 2358 1997 2405 scena
2062 2343 2308 2404 initiali
2354 2340 2421 2413 8).
2486 2344 2717 2418 Itaque
2777 2342 3039 2404 fabulae

577 2458 847 2519 initium
883 2457 1122 2519 fecisse
1159 2457 1427 2519 videtur
1466 2457 1764 2518 Onesimi
1805 2459 1985 2518 servi
2026 2473 2176 2519 cum
2218 2472 2423 2531 coquo
2462 2473 2544 2518 ex
2571 2459 2729 2519 urbe
2755 2457 3035 2518 adducto

579 2569 1001 2644 colloquium.
1067 2569 1232 2630 Dein
1291 2572 1482 2632 adest
1541 2571 1827 2632 Charisii
1886 2586 2080 2633 socer
2138 2571 2527 2648 Smicrines,
2579 2573 2692 2647 qui
2747 2588 2830 2634 ex
2877 2571 3037 2633 urbe

581 2700 696 2747 rus
753 2685 938 2746 venit
982 2687 1059 2746 ut
1103 2699 1257 2747 cum
1304 2683 1443 2746 filia
1487 2685 1955 2761 expostularet
1983 2682 2055 2758 4).
2103 2687 2337 2749 Finem
2386 2687 2584 2763 primi
2639 2690 2835 2750 actus
2877 2687 3042 2749 facit

579 2799 775 2861 turba
818 2800 1134 2860 iuvenum
1181 2798 1705 2861 temulentorum
1753 2801 1822 2862 in
1866 2801 2284 2864 orchestram
2320 2802 2583 2864 irruens
2606 2797 2673 2874 ⁵).
2721 2802 3040 2863 Videntur

580 2914 650 2975 hi
699 2930 847 2975 esse
893 2913 1175 2975 Charisii
1221 2914 1504 2975 sodales.

670 3028 930 3089 Ultima
997 3043 1166 3109 quae
1224 3029 1525 3090 diximus
1585 3029 1899 3104 leguntur
1957 3030 2026 3090 in
2086 3030 2462 3105 fragmento
2523 3030 3035 3107 Iernstedtiano‚

585 3143 772 3203 cuius
832 3141 1045 3203 maior
1089 3158 1241 3218 pars
1287 3143 1596 3220 obscura,
1648 3144 1963 3218 quoniam
2010 3145 2349 3205 nescimus
2393 3144 2503 3219 qui
2550 3144 3040 3219 colloquantur;

581 3257 979 3319 Smicrinem
1024 3260 1250 3319 tamen
1300 3272 1664 3333 agnoscere
1709 3258 1879 3318 mihi
1926 3258 2172 3319 videor.

1027 3484 1216 3558 οὕτως
1257 3482 1499 3564 ἀγαθόν
1545 3485 1604 3544 τί
1647 3499 1747 3546 σοι
1790 3483 2057 3567 γένοιτοῐ
2112 3519 2192 3530 -
2243 3488 2395 3545 ΣΜ
2444 3483 2524 3563 μὴ
2572 3482 2704 3563 λέγε

1031 3595 1221 3676 μηδὲν
1268 3600 1345 3660 σύ
1389 3594 1476 3678 y'!
1529 3597 1645 3660 οὐκ
1692 3598 1777 3671 εἷς
1822 3598 2122 3678 nonanus-3
2170 3598 2414 3676 οἰμώξει
2458 3598 2687 3677 μακράΙ

651 3780 691 3847 ¹)
728 3784 940 3833 Oertum
987 3788 1159 3832 tamen
1199 3788 1279 3831 est
1315 3784 1525 3832 fabulae
1561 3799 1775 3843 nomen,
1810 3786 2055 3845 quoniam
2091 3786 2228 3833 inter
2260 3798 2443 3833 versus
2476 3789 2710 3834 servatos
2746 3785 3040 3846 complures

579 3868 719 3921 sunt,
755 3878 889 3924 quos
921 3865 974 3911 in
1003 3865 1336 3927 Ἐπιτρέπουσι
1364 3866 1528 3912 lectos
1564 3866 1728 3913 fuisse
1764 3869 2025 3913 testantur
2057 3870 2277 3913 veteres.

647 3940 692 4004 ²)
725 3944 783 3991 V.
846 3943 1108 3991 Iernstedt
1156 3944 1370 3991 Observ.
1421 3946 1690 4005 palaeogr.
1740 3949 1795 3992 et
1844 3946 2029 4005 philol.
2090 3945 2156 3992 ad
2209 3946 2505 4003 fragmenta
2561 3946 2880 3993 comicorum
2936 3945 3040 3990 Att.

582 4020 822 4085 (Russice
855 4021 1064 4083 script.)
1103 4025 1230 4071 1891
1268 4038 1320 4084 p.
1360 4025 1458 4071 204
1494 4038 1571 4083 sq.

650 4100 690 4163 ³)
723 4103 785 4150 Iu
820 4104 919 4151 hac
953 4116 1109 4150 scena
1143 4104 1387 4151 videntur
1421 4105 1560 4152 lecta
1596 4118 1712 4152 esse
1746 4118 1884 4164 quae
1920 4104 2057 4151 infra
2089 4104 2373 4152 afferemus
2411 4104 2702 4162 fragmenta
2744 4105 2788 4161 1,
2826 4104 2874 4163 2,
2911 4104 2957 4149 8.

650 4178 694 4241 ⁴)
730 4183 834 4230 Gur
879 4184 930 4229 in
975 4183 1154 4229 urbem
1199 4196 1320 4230 mox
1371 4183 1552 4230 redeat
1599 4197 1701 4231 non
1735 4184 1908 4232 habeo
1945 4181 2135 4231 dicere.
2172 4184 2420 4231 Fortasse
2460 4182 2771 4230 sumendum
2812 4185 2893 4231 est
2924 4196 3043 4230 eum

583 4266 636 4309 et
671 4261 723 4308 in
757 4262 886 4309 urbe
919 4261 1078 4308 aedes
1111 4263 1310 4309 habere
1344 4266 1398 4310 et
1431 4276 1578 4319 rure;
1616 4263 1763 4310 dives
1798 4265 1935 4311 enim
1973 4268 2055 4311 est
2086 4265 2261 4310 homo,

649 4338 694 4402 ὅ)
729 4342 928 4389 Chorus
972 4342 1214 4400 quoniam
1263 4346 1384 4402 post
1422 4356 1631 4390 versum
1680 4344 1776 4391 201
1827 4344 1978 4391 adest
2024 4356 2195 4402 neque
2244 4346 2305 4389 ut
2348 4344 2576 4402 primum
2622 4346 2749 4389 tunc
2796 4341 3043 4402 prodiens

580 4422 688 4468 illic
723 4424 1177 4478 commemoratur,
1212 4422 1326 4469 fleri
1360 4435 1462 4469 non
1500 4426 1676 4481 potest
1705 4423 1831 4482 quin
1865 4425 1917 4470 in
1947 4420 2121 4483 priore
2152 4423 2363 4470 fabulae
2393 4424 2544 4483 parte
2570 4435 2688 4468 eum
2718 4423 3043 4469 orchestram

579 4499 805 4547 intrasse
845 4504 1158 4548 statuamus.
1205 4500 1449 4549 Secundus
1495 4500 1674 4561 igitur,
1718 4516 1821 4550 non
1860 4502 2053 4565 primus
2097 4506 2249 4550 actus
2284 4515 2358 4549 vs.
2393 4503 2487 4549 201
2536 4502 2692 4549 finem
2738 4503 2917 4549 habet.
2952 4502 3046 4549 Est

580 4584 759 4628 autem
805 4585 952 4628 actus
995 4580 1258 4629 secundus
1305 4594 1365 4628 ea
1409 4596 1530 4641 pars
1579 4582 1805 4637 fabulae,
1854 4596 1987 4641 quae
2038 4584 2089 4629 in
2137 4596 2297 4629 scena
2331 4582 2710 4641 Aristophanes
2742 4584 2903 4641 ἀγῶνα
2936 4584 3044 4628 sive

579 4660 929 4708 contentionem
966 4664 1018 4709 et
1049 4660 1292 4709 verborum
1327 4664 1565 4709 certamen
1601 4675 1789 4709 nomen
1823 4662 2004 4722 habet,
2039 4662 2183 4709 chori
2219 4662 2471 4722 parodum
2510 4663 2792 4722 excipiens.
