3519 5416
1551 590 1785 636 Hunos,
2850 572 2892 630 9

902 762 1218 843 Πτελὲασι,
1260 761 1520 845 γεγονὼς
1569 758 1802 841 οἰκέτης
1850 757 1986 834 νέος
2033 759 2119 821 ὥν
2165 782 2330 822 ποτε.

892 878 1120 961 ἐγένετο
1167 878 1359 964 τούτῳ
1405 877 1635 955 δίδυμα
1682 884 1873 936 ταῦτα
1921 875 2176 954 παιδία,

895 991 975 1067 ὧς
1019 993 1214 1075 ἔλεγεν
1260 991 1474 1069 αὐτός,
1517 990 1558 1070 ἥ
1604 1012 1666 1052 τε
1713 989 2045 1071 Πλαγγών,
2091 981 2165 1068 ἧς
2212 987 2361 1069 ἐρῶ,
2410 1023 2492 1034 -

1522 1145 1825 1202 ΓΕΤΑΣ.

455 1237 538 1296 25
893 1241 1012 1294 νῦν
1059 1232 1384 1311 μανθάνω.

1552 1347 1797 1406 ΔΑΟΣ.

1449 1459 1517 1522 τὸ
1562 1457 1878 1539 μειράκιόν
1923 1453 2011 1537 θ’,
2057 1456 2088 1520 6
2136 1458 2418 1540 Γοργίας.

1529 1613 1829 1670 ΓΕΤΑΣ.

897 1724 928 1788 6
971 1736 1091 1787 τῶν
1137 1726 1486 1806 προβατίων
1533 1719 1751 1785 ἐνθάδ’
1806 1722 2276 1802 ἐπιμελούμενος

897 1840 1037 1902 νυνὶ
1083 1836 1218 1921 παρ’
1273 1836 1452 1919 ἧμΐν;

1578 1979 1825 2040 ΔΛΟΣ.

1502 2083 1695 2164 οὗτος.
1745 2088 1832 2152 ὢν
1876 2089 1997 2170 ἤδη
2036 2089 2232 2172 γέρων

905 2204 937 2268 6
990 2207 1221 2286 Τίβειος
1269 2203 1300 2267 6
1346 2205 1544 2286 πατὴρ
1590 2205 1674 2278 εἰς
1721 2205 1959 2286 τροφήν
2001 2227 2068 2285 γε
2114 2205 2414 2284 λαμβάνει

907 2321 1142 2393 τούτοις
1185 2319 1353 2401 παρὰ
1400 2329 1508 2383 τοῦ
1556 2319 1705 2399 ἐμοῦ
1754 2320 2052 2382 δεσπότου
2103 2329 2284 2398 μνᾶν,
2320 2317 2423 2380 καὶ
2468 2320 2651 2380 πάλιν
2702 2354 2781 2364 ·-

462 2439 548 2497 30
909 2433 1080 2514 λιμὸς
1127 2433 1241 2516 γὰρ
1287 2427 1367 2513 ἦν
1419 2471 1497 2481 -
1547 2445 1726 2514 μνᾶν.
1776 2428 1871 2496 εἶτ’
1924 2432 2213 2513 ἀπέσκλη.

1537 2591 1596 2646 Γ
1590 2590 1842 2647 ΕΤΑΣ.

2268 2673 2380 2754 τὴν
2426 2675 2631 2756 τρίτην

902 2787 982 2863 ὡς
1030 2790 1147 2853 οὐκ
1194 2788 1493 2852 ἀπεδίδου
1543 2790 1724 2870 τυχὸν
1772 2788 1803 2852 6
1855 2792 2149 2870 δεσπότης
2196 2788 2229 2851 6
2275 2791 2399 2863 σός.

528 2976 609 3023 27.
647 2976 774 3036 ἡμῖν]
811 2978 918 3034 ὑμῖν
951 2977 1059 3024 Leo
1094 2978 1194 3035 (oio
1229 2990 1352 3024 vero
1387 2981 1601 3024 ὖνταῦθα
1633 2979 1811 3037 potius
1845 2978 2074 3025 debebat
2106 2976 2466 3038 praecedere).

529 3057 592 3102 80
627 3068 702 3115 sq.
733 3053 818 3103 Sic
835 3057 1160 3117 interpunxit
1177 3058 1342 3114 vwil„
1357 3057 1471 3104 Les.
1493 3057 1575 3116 τὴν
1591 3062 1767 3121 τρίτην,
1788 3060 1847 3112 ὡς
1864 3060 1949 3105 οὐκ
1966 3058 2209 3112 ἀποδεδου,
2234 3057 2382 3117 τυχὸν
2399 3058 2423 3103 δ
2440 3057 2669 3115 δεσπότης
2687 3056 2711 3101 δ
2729 3057 2811 3108 σός
2832 3080 2907 3099 -.

540 3224 635 3277 22.
671 3224 965 3292 Πτελέασι]
999 3222 1275 3279 Oeneidis
1312 3224 1506 3280 tribus
1539 3224 1637 3280 hic

460 3317 592 3371 erat
632 3316 862 3373 demus.

553 3439 606 3448 -
659 3412 904 3475 γεγονὼς
946 3410 1163 3479 οἰκέτης
1197 3411 1321 3474 νέος
1356 3412 1439 3463 ὤν
1472 3412 1632 3478 ποτε]

457 3501 579 3557 nisi
633 3504 860 3558 certam
914 3503 1178 3571 aliquam
1233 3517 1483 3558 causam
1535 3503 1630 3559 ha-

459 3594 697 3651 buisset
746 3597 930 3665 poeta
971 3611 1076 3651 cur
1117 3595 1344 3651 diceret
1381 3610 1632 3653 servum

464 3687 604 3743 olim
666 3687 859 3745 fuisse
919 3686 1182 3759 Tibium,
1244 3689 1394 3744 haec
1446 3691 1633 3745 verba

463 3795 586 3836 non
633 3781 1000 3851 addidisset3
1051 3796 1237 3838 causa
1279 3783 1488 3838 autem
1533 3783 1635 3839 illa

462 3874 524 3929 in
578 3874 711 3944 ipso
767 3874 1004 3931 fabulae
1053 3878 1415 3943 argumento
1457 3890 1630 3944 quae·

464 3968 668 4024 renda.
724 3968 839 4025 Sed
900 3968 1240 4025 cuiusmodi
1298 3968 1480 4025 fuerit
1535 3983 1630 4025 ne·

465 4059 710 4116 scimus,

545 4153 639 4209 24.
696 4154 996 4221 Πλαγγών]
1052 4152 1288 4224 puellae
1330 4154 1633 4223 ingenuae

464 4260 685 4301 nomen
725 4246 838 4301 hoc
867 4246 1019 4303 redit
1053 4246 1114 4302 in
1144 4247 1346 4304 Samia
1378 4250 1440 4303 et
1472 4250 1630 4317 apud

461 4338 784 4395 Anaxilam
809 4336 872 4406 1).

1736 3224 1894 3281 Geta
1949 3226 2213 3294 puellam
2267 3224 2597 3280 formosam
2654 3221 2714 3276 in
2757 3220 2904 3277 aedi·

1735 3319 1850 3373 bus
1882 3316 2093 3373 vicinis
2128 3316 2523 3386 habitantem,
2556 3314 2703 3370 nihil
2724 3314 2911 3382 igitur

1735 3410 1993 3466 miratur
2020 3411 2256 3465 Davum
2286 3424 2491 3465 amore
2511 3410 2758 3479 penitus
2783 3421 2909 3477 per-

1734 3504 2001 3573 culsum,
2046 3504 2202 3559 hanc
2242 3503 2295 3557 si
2338 3503 2642 3572 depereat.

1817 3598 1892 3651 26
1934 3611 2023 3665 sq.
2089 3597 2196 3666 Qui
2250 3596 2341 3651 hic
2382 3596 2547 3667 apud
2585 3611 2690 3649 nos
2738 3626 2805 3633 —
2849 3593 2909 3648 id

1733 3690 1832 3745 est
1867 3690 1927 3744 in
1963 3690 2094 3745 vico
2130 3692 2344 3745 nostro
2382 3721 2457 3729 —
2488 3703 2725 3759 qreyum
2746 3687 2909 3743 habet

1732 3785 1978 3837 curam?
2036 3783 2145 3838 Est
2198 3797 2361 3838 nunc
2400 3782 2459 3838 id
2501 3782 2660 3850 quod
2704 3780 2910 3837 Tibine

1731 3878 1877 3931 ante
1928 3890 2069 3932 eum
2112 3876 2251 3931 fuit:
2298 3878 2509 3945 pastor
2551 3877 2908 3930 cunctarum

1735 3970 2032 4038 pecudum
2076 3970 2447 4024 vicariorum.

1816 4062 1910 4117 30.
1956 4064 2223 4129 ἀπέσκλη]
2270 4060 2591 4134 contabuit,
2628 4058 2789 4115 fame
2824 4058 2911 4114 ni-

1733 4153 1956 4211 mirum
1981 4156 2317 4224 peremtus,
2334 4154 2603 4210 Verbum
2627 4166 2832 4208 rarum
2847 4148 2913 4217 2).

1814 4250 1910 4303 31.
1946 4251 2137 4316 τυχὸν]
2178 4246 2560 4317 participium
2596 4246 2709 4302 hoc
2742 4247 2909 4302 abso-

1731 4342 1960 4413 lutum,
2005 4355 2264 4409 quocum
2309 4342 2517 4409 παρόν,
2555 4342 2800 4409 συμβάν,
2842 4339 2915 4394 si-

547 4434 643 4488 25.
705 4438 805 4486 νῦν
871 4436 1155 4500 μανθάνω]
1219 4435 1404 4503 probe
1459 4435 1629 4491 novit
1736 4434 1901 4491 milia
1945 4436 2210 4505 possunt
2248 4433 2530 4503 conferri,
2560 4434 2619 4487 in
2652 4433 2913 4489 dictione

530 4655 574 4721 ¹)
609 4661 811 4708 Annii.
845 4659 909 4707 fr.
945 4656 1050 4717 22⁸,
1083 4660 1174 4708 ubi
1207 4660 1498 4709 meretricie
1531 4667 1611 4711 eet
1645 4673 1855 4711 nomen.
1892 4685 1959 4696 -
1993 4656 2036 4723 ⁸)
2072 4660 2149 4708 Cf.
2185 4661 2269 4707 Ar.
2304 4659 2462 4721 Veep.
2503 4659 2615 4707 1⁶0.
