3519 5416
1426 607 1931 652 nrsczmAnrns.
2832 598 2913 656 15

467 780 772 843 charisio
852 782 913 843 ei
992 780 1258 842 obtrudi
1334 779 1941 856 impudentissim05
2022 779 2293 840 domum
2362 794 2587 842 secum
2658 781 2916 857 redeat,

464 898 688 959 dotem
739 897 1122 973 reposcatP’
1172 929 1249 940 —
1301 895 1442 956 Non
1493 895 1642 955 vult
1685 893 2064 970 Pamphila:
2120 896 2223 971 „in
2271 894 2468 956 rebus
2506 896 2807 956 adversis
2844 897 2922 956 ut

463 1011 531 1071 in
576 1011 888 1072 secundis
934 1010 1177 1071 marito
1226 1009 1459 1070 adesse
1506 1025 1579 1070 se
1626 1008 1828 1086 velle,
1876 1009 1936 1068 si
1984 1008 2245 1069 liceat.”

551 1125 749 1186 Forte
818 1124 1089 1186 fortuna
1159 1122 1496 1184 Charisius
1564 1122 1690 1184 hoc
1749 1123 1966 1183 soceri
2026 1137 2177 1182 cum
2242 1138 2447 1185 uxore
2510 1123 2911 1198 colloquium

462 1238 672 1299 audit:
722 1239 924 1315 pudet
968 1237 1462 1312 inclementiae;
1512 1237 1855 1313 ignoscere
1896 1235 2041 1296 vult
2079 1237 2272 1298 uxori
2308 1238 2387 1298 de
2426 1237 2636 1313 ipsius
2677 1238 2912 1300 delicto

460 1354 621 1414 adeo
682 1353 919 1416 leniter
983 1353 1322 1415 iudicanti.
1395 1352 1484 1412 At
1544 1366 1701 1411 mox
1762 1350 1844 1411 ab
1907 1350 2297 1412 Habrotono
2361 1351 2639 1412 edoctus
2701 1351 2917 1412 laetus

458 1466 789 1543 intellegit
843 1467 1011 1527 nihil
1057 1481 1208 1528 esse
1256 1465 1426 1540 quod
1471 1466 1805 1540 ignoscat,
1852 1463 2127 1540 puerulo
2175 1467 2403 1526 autem
2451 1465 2734 1527 feliciter
2778 1482 2908 1528 ser·

457 1583 611 1643 vato
683 1597 880 1642 suum
944 1596 1096 1642 esse
1154 1580 1376 1641 locum
1438 1579 1505 1639 in
1565 1577 1782 1653 ipsius
1844 1578 2151 1654 aedibus;
2213 1582 2280 1641 et
2340 1579 2703 1642 Smicrines
2760 1595 2911 1642 cum

456 1695 632 1756 redit
679 1696 760 1756 ad
809 1693 1019 1756 filiam
1067 1695 1341 1768 eiusque
1386 1693 1614 1754 dotem
1667 1727 1745 1736 —
1798 1692 1973 1754 hanc
2016 1694 2434 1767 praesertim!
2493 1725 2566 1736 --
2618 1697 2912 1770 repeten-

456 1810 610 1880 das,
660 1809 845 1870 audit
897 1809 1149 1884 optime
1195 1808 1440 1869 habere
1487 1806 1764 1884 omnia,
1795 1805 2064 1868 divortii
2111 1821 2383 1868 causam
2431 1822 2580 1868 esse
2619 1808 2909 1870 nullam:

457 1925 766 2000 nepotem
815 1923 1110 1984 salutare
1156 1923 1440 1984 iubetur.

545 2039 974 2100 Habrotonon
1021 2038 1331 2100 libertate
1377 2038 1535 2113 quin
1585 2039 1836 2100 donata
1881 2037 2082 2099 fuerit
2126 2038 2275 2112 quis
2318 2038 2624 2100 dubitat?
2692 2039 2909 2101 Etiam

461 2152 852 2214 Onesimum
897 2168 1102 2214 manu
1151 2153 1436 2214 missum
1483 2167 1635 2214 esse
1683 2153 2009 2228 suspicari
2056 2152 2230 2213 licet.

546 2381 788 2442 Statim
837 2383 1097 2456 reperta
1141 2381 1403 2443 fabulae
1448 2381 1646 2442 huius
1691 2381 2068 2457 fragmenta
2114 2396 2265 2442 cum
2315 2381 2606 2444 Terentii
2650 2383 2911 2459 Hecyra

455 2498 613 2556 sunt
674 2497 1086 2572 comparata,
1153 2495 1574 2556 simillimum
1638 2496 1818 2557 enim
1864 2498 1968 2557 est
2016 2495 2363 2570 utriusque
2407 2496 2671 2559 fabulae
2718 2513 2907 2573 argu·

455 2611 783 2670 mentum.
850 2610 938 2670 At
998 2609 1272 2669 eaedem
1321 2611 1665 2684 tantopere
1711 2611 1883 2670 inter
1928 2624 2001 2671 se
2049 2609 2455 2688 discrepant,
2506 2612 2581 2671 ut
2624 2611 2689 2672 id
2738 2613 2909 2686 quod

454 2725 520 2786 in
561 2724 862 2799 Hecyrae
902 2725 1264 2786 didascalia
1300 2725 1576 2801 legitur:
1631 2729 1815 2808 „tota
1853 2725 2106 2787 Graeca
2144 2725 2501 2787 Menandru
2540 2726 2723 2787 facta
2759 2728 2907 2788 est’'

455 2840 661 2900 errori
707 2838 926 2899 deberi
973 2842 1358 2900 statuamus
1404 2854 1679 2900 necesse
1727 2841 1841 2901 sit.
1887 2841 1990 2900 An
2028 2840 2411 2901 Terentium
2448 2839 2908 2915 Disceptantes

453 2953 790 3015 Menandri
850 2951 1143 3013 fabulam
1205 2953 1304 3014 ita
1355 2954 1854 3015 contaminasse
1902 2954 2202 3014 dicamus
2250 2956 2323 3014 ut
2370 2954 2634 3014 ex-alia
2679 2953 2903 3016 rabula

453 3067 850 3129 Menandrea
916 3065 1206 3143 plurima
1275 3068 1343 3128 in
1406 3083 1556 3129 eam
1618 3067 1940 3129 inferret?
2010 3068 2100 3128 At
2162 3083 2245 3129 ne
2307 3068 2403 3160 sic
2464 3069 2731 3142 quidem
2794 3084 2903 3130 res

451 3181 784 3243 credibilis
827 3180 976 3255 fiat;
1027 3196 1156 3242 non
1199 3182 1379 3242 enim
1418 3181 1909 3244 contaminavit
1947 3182 2419 3257 Disceptantes
2455 3181 2753 3243 fabulam
2793 3184 2905 3257 qui

453 3308 538 3355 ex
599 3310 680 3355 ea
741 3294 902 3355 fecit
962 3296 1335 3373 Hecyram,
1397 3298 1513 3357 sed
1574 3296 1878 3357 funditus
1925 3297 2240 3358 mutavit.
2313 3297 2718 3374 Quapropter
2765 3299 2904 3359 veri

451 3411 712 3472 videtur
758 3411 1081 3488 similiuS,
1133 3427 1262 3473 non
1314 3428 1396 3473 ex
1443 3412 1787 3474 Menandri
1831 3412 2373 3489 Disceptantibus
2418 3412 2535 3472 sed
2584 3427 2668 3473 ex
2712 3412 2901 3489 Apol·

448 3522 658 3585 lodori
705 3523 994 3599 Carystii
1043 3526 1305 3602 Hecyra
1351 3526 1732 3590 Terentium
1786 3542 1979 3587 suam
2028 3526 2302 3587 duxisse
2348 3524 2665 3586 fabulam.
2736 3526 2900 3588 Infe-

443 3636 768 3699 licissime
828 3642 1057 3701 autem
1106 3641 1251 3701 sive
1296 3641 1647 3702 Terentius
1693 3640 1837 3701 sive
1886 3640 2330 3717 Apollodorus
2377 3641 2668 3701 mutavit
2713 3655 2899 3715 argu·

449 3753 754 3812 mentum
814 3752 1075 3815 rabulae
1139 3728 1601 3815 Menandreae.
1673 3754 1842 3816 Nam
1907 3755 2080 3831 apud
2124 3754 2554 3815 Menandrum
2603 3754 2899 3831 iuvenis,

450 3867 563 3940 qui
601 3871 803 3928 noctu
851 3868 989 3929 vim
1035 3868 1269 3929 intulit
1313 3868 1572 3944 puellae
1620 3869 1968 3946 honestae,
2018 3870 2116 3930 ita
2159 3870 2459 3945 peccavit
2506 3871 2581 3930 ut
2627 3872 2694 3929 et
2731 3870 2903 3945 apud

451 3980 618 4042 alios
663 3984 932 4044 veniam
982 3986 1207 4059 posset
1251 3985 1585 4061 invenire,
1634 3986 1986 4060 postquam
2036 3983 2271 4059 flagitii
2319 3998 2471 4044 eum
2519 3983 2785 4059 puduit,
2838 3985 2902 4044 et

449 4094 620 4169 apud
667 4095 885 4171 ipsam
934 4096 1118 4158 illam
1166 4098 1492 4175 puellam,
1543 4113 1711 4173 quae
1751 4097 1930 4159 felici
1970 4111 2127 4158 casu
2169 4098 2229 4159 ei
2268 4098 2493 4157 iuncta
2530 4098 2635 4158 est
2673 4096 2897 4157 matri·

448 4210 694 4271 monio,
742 4212 1182 4274 Terentianus
1227 4228 1386 4274 vero
1433 4212 1827 4289 Pamphilus
1868 4212 2013 4288 ille,
2050 4212 2164 4288 qui
2195 4212 2628 4273 Philumenae
2661 4211 2903 4286 virgini

449 4322 514 4382 vi
580 4324 646 4384 in
709 4327 1003 4387 tenebris
1049 4342 1474 4403 compressae
1523 4342 1652 4388 non
1701 4326 1922 4388 solum
1970 4328 2288 4403 pudorem
2340 4326 2619 4403 eripuit,
2668 4328 2785 4387 sed
2831 4328 2900 4387 et

447 4437 720 4499 anulum
793 4456 988 4513 quem
1056 4442 1123 4501 in
1195 4442 1401 4517 digito
1470 4441 1587 4502 illa
1654 4442 1977 4518 habebat,
2042 4442 2193 4503 dein
2256 4458 2291 4502 e
2352 4440 2496 4503 loco
2558 4440 2671 4503 ubi
2731 4440 2893 4502 illud

445 4551 664 4614 scelus
723 4557 1134 4632 perpetravit
1179 4555 1505 4617 curriculo
1552 4572 1625 4617 se
1670 4556 1956 4617 contulit
2000 4557 2081 4617 ad
2129 4557 2414 4617 amicam
2462 4555 2890 4630 Bacchidem,

443 4669 552 4729 cui
615 4671 888 4732 anulum
955 4671 1146 4733 illum
1210 4672 1382 4735 dono
1441 4672 1643 4748 dedit,
1712 4674 1931 4733 sector
1992 4672 2305 4733 zonarius
2364 4671 2587 4747 potius
2633 4670 2895 4731 videtur
