3519 5416
1755 1260 1872 1329 111.

1326 1471 2292 1542 IIEPIKEIPOBIENH.

1617 1730 2003 1740 ---—-——

1160 1953 1268 2010 ΤΑ
1321 1951 1492 2010 TOY-
1527 1949 2001 2009 ΔΡΑΜΑΤΟΣ
2045 1949 2479 2012 ΠΡΟΣΩΠΛ.

1025 2135 1298 2220 Γλυκέρα
1344 2137 1659 2201 Παταίκου
1704 2138 2004 2220 θυγάτηρ.

1030 2250 1228 2333 Δωρὶς
1274 2253 1624 2334 θεράπαινα
1671 2251 2001 2334 Γλυκέρας.

1017 2364 1266 2448 ’Ἀγνοια
1312 2367 1476 2441 θεός.

1031 2481 1275 2555 Σωσίας
1319 2481 1612 2562 θεράπων
1660 2480 2043 2562 Πολέμωνος.

1029 2596 1326 2676 Μοσχίων
1376 2597 1694 2659 Παταίκου
1734 2593 1844 2674 μὲν
1881 2596 2014 2671 υἱὸς
2053 2598 2260 2675 φύσει,
2299 2597 2628 2679 Μυρρίνης
2666 2593 2734 2657 δὲ
2768 2593 3037 2674 ποιητός.

1028 2715 1190 2785 Δᾶος
1236 2712 1531 2793 θεράπων
1579 2712 1925 2793 Μυρρίνης.

1026 2824 1325 2905 Πολέμων
1369 2826 1669 2907 χιλίαρχος
1716 2826 2071 2909 Κορίνθιος.

1027 2940 1384 3020 Ἀβρότονον
1431 2940 1653 3023 ἑταίρα.

1028 3055 1334 3129 Πάταικος
1379 3054 1592 3136 γέρων,
1635 3052 1951 3135 Γλυκέρας
1994 3052 2098 3115 καὶ
2147 3054 2511 3134 Μοσχίωνος
2556 3053 2768 3133 πατήρ.

667 3284 920 3347 Chorus
965 3286 1285 3347 iuvenum
1332 3287 1727 3362 appotorum
1773 3286 2121 3347 interludit
2166 3288 2375 3346 actus.

669 3514 952 3576 Athenis
999 3517 1064 3574 in
1115 3514 1224 3576 via
1268 3514 1526 3590 publica
1571 3528 1681 3575 res
1720 3518 1829 3589 agi
1865 3512 2225 3591 finguntur,
2265 3516 2419 3576 ante
2457 3516 2654 3576 aedes
2692 3514 3037 3590 contiguas

579 3630 961 3692 Polemonis
1021 3632 1088 3691 et
1147 3630 1546 3706 Myrrhinae.
1607 3632 1684 3692 In
1731 3631 1968 3692 tertias
2014 3629 2299 3709 aliquas,
2347 3644 2515 3703 quae
2562 3629 2749 3690 cuius
2792 3629 3038 3691 fuerint

579 3745 946 3821 nescimus,
996 3744 1294 3820 confugit
1339 3743 1619 3820 Glycera
1663 3748 1820 3805 ante
1867 3743 2133 3806 fabulae
2179 3744 2447 3805 initium
2486 3740 2551 3816 1).
2936 3750 2942 3755 “

670 4026 957 4120 Fabulae
1037 4061 1511 4135 argumentum
1595 4060 1821 4120 minus
1894 4058 2061 4121 bene
2128 4074 2329 4134 quam
2396 4058 2931 4136 Disceptantium
3002 4075 3037 4121 e

576 4172 974 4247 fragmentis
1035 4187 1203 4246 quae
1263 4172 1347 4234 ad
1403 4188 1524 4234 nos
1570 4176 2017 4249 pervenerunt
2063 4173 2502 4250 cognoscitur,
2552 4174 2649 4234 ita
2690 4175 2916 4235 tamen
2961 4176 3039 4235 ut

579 4286 790 4362 possit
838 4287 1154 4348 enarrari.

649 4492 684 4556 ι)
716 4498 965 4544 Dicamus
998 4496 1064 4543 ad
1101 4493 1325 4544 amicam
1361 4496 1590 4557 aliquam
1621 4498 1920 4556 confugiens
1956 4497 2252 4556 Glyceram,
2286 4496 2428 4558 apud
2458 4509 2616 4556 quam
2643 4510 2801 4546 unam
2831 4500 3036 4546 noctem

579 4576 857 4635 transegit;
913 4589 1032 4624 nam
1089 4574 1346 4637 postridie
1391 4576 1600 4625 demum
1648 4574 1747 4634 (vs.
1796 4575 1883 4633 78)
1928 4576 1979 4621 in
2028 4576 2322 4634 myrrhinae
2368 4577 2527 4625 aedes
2564 4574 2725 4627 vonit.
2763 4604 2821 4613 —
2862 4578 3036 4627 Etiam

579 4656 791 4707 Pac-oei
825 4656 984 4708 aedos
1016 4657 1070 4707 in
1105 4669 1264 4706 soona
1297 4659 1610 4719 conspectas
1643 4668 1761 4704 esse
1793 4667 1895 4704 non
1926 4655 2098 4703 credo.
