3519 5416
639 581 724 641 20
1607 598 2108 646 mscnpnnms.

1079 769 1345 851 ἔχοντεςς

1638 877 2083 936 ΣΥΡΙΣΚΟΣ.

1435 982 1556 1048 ἀλλ’
1612 988 1803 1067 ὅμως,
1851 1023 1937 1034 -—·
1983 989 2050 1052 τὸ
2096 985 2314 1071 πρᾶγμ’
2367 989 2526 1051 ἐστὶν
2572 990 2768 1070 βραχὺ

1077 1098 1184 1161 καὶ
1228 1100 1444 1184 ῥᾴδιον
1492 1109 1740 1181 μαθεῖν,
1788 1139 1869 1148 -
1916 1104 2124 1184 πάτερ,
2169 1104 2275 1176 δὸς
2317 1102 2427 1182 τὴν
2472 1103 2663 1184 χάριν.

645 1221 722 1276 15
1082 1213 1166 1293 μὴ
1212 1217 1711 1302 καταφρονήσῃς,
1756 1218 1909 1298 πρὸς
1956 1224 2142 1280 θεῶν.
2189 1216 2255 1279 ἐν
2300 1217 2482 1278 παντὶ
2530 1218 2633 1278 δεῖ

1078 1342 1268 1416 καιρῷ
1315 1331 1380 1391 τὸ
1429 1331 1668 1392 δίκαιον
1715 1331 2055 1412 ἐπικρατεῖν
2102 1330 2477 1412 ἁπανταχοῦ,

1078 1443 1180 1504 καὶ
1227 1443 1331 1504 τὸν
1377 1446 1917 1526 παρατυγχάνοντα
1963 1447 2180 1508 τούτου
2224 1455 2335 1507 τοῦ
2380 1445 2599 1526 μέρους

1080 1557 1234 1637 ἔχειν
1279 1559 1598 1640 πρόνοιαν·
1645 1559 1859 1622 κοινόν
1908 1556 2029 1621 ἐστι
2075 1571 2157 1644 τῷ
2202 1561 2315 1645 βίῳ

1079 1673 1342 1734 πάντων.

1737 1779 1985 1837 ΔΛΟΣ.

1436 1891 1649 1975 μετρίῳ
1695 1913 1762 1972 γε
1809 1889 2264 1972 συμπέπλεγμαι
2310 1891 2535 1971 ῥήτορι.

641 2004 727 2064 20
1086 2002 1146 2062 τί
1189 2001 1304 2083 γὰρ
1351 2004 1737 2081 μετεδίδουνί

1600 2162 1661 2217 Σ
1669 2161 2119 2218 ΜῙΚΡΙΝΗΣ.

1792 2266 2070 2350 ἔμμενεῖτ’
2126 2264 2261 2350 οὖν,
2305 2269 2435 2332 εἰπέ
2474 2294 2606 2350 μοι,
2700 2351 2705 2354 -

1079 2375 1170 2456 οἷς
1217 2381 1295 2444 ἂν
1341 2385 1604 2460 δικάσαις

1637 2526 2082 2584 ΣΤΡῙΣΚΟΣ.

1661 2639 1921 2712 πάντως.

1602 2793 1834 2851 ΣΜΙΚ
1842 2793 2118 2851 ΡΙΝΗΣ.

1972 2903 2332 2984 ἀκούσομαι·
2380 2906 2440 2966 τί
2480 2904 2593 2987 γὰρ

708 3090 1161 3165 1·5-18.2Μοῐι.
1195 3090 1259 3136 fr.
1296 3091 1392 3137 173
1429 3091 1602 3147 (affert
1634 3091 1791 3137 Orion
1826 3091 1981 3137 Anth.
2018 3093 2065 3147 6,
2102 3094 2150 3148 4,
2176 3103 2385 3139 versum
2423 3093 2485 3137 15
2521 3091 2663 3138 etob.
2698 3092 2917 3156 Flet-59,
2949 3088 3051 3153 12).

725 3256 816 3310 17.
847 3258 1056 3310 τούτου
1087 3262 1189 3310 τοῦ
1223 3258 1440 3324 μέρους]
1466 3256 1812 3312 simillimus
2000 3258 2090 3313 18.
2154 3259 2343 3312 κοινόν
2387 3300 2397 3311 .
2424 3300 2435 3311 .
2464 3300 2473 3311 .
2517 3264 2599 3327 τῷ
2664 3259 2763 3326 βίῳ
2830 3260 3079 3325 πάντων]

639 3350 738 3405 est
776 3350 941 3404 vocis
987 3350 1187 3417 μέρους
1224 3364 1378 3404 usus
1413 3350 1472 3403 in
1509 3350 1812 3406 locutione
1912 3350 2131 3406 cunctis
2172 3350 2498 3405 hominibus
2539 3351 2677 3405 utile
2698 3346 2761 3415 6).

560 3472 566 3477 -
639 3444 706 3495 τὸ
762 3442 896 3507 ἐμὸν
959 3443 1110 3508 (σὸν,
1148 3444 1279 3507 κτὲ.)
1324 3443 1487 3508 μέρος
1527 3446 1812 3511 quantum
1996 3444 2087 3499 19.
2147 3444 2371 3512 μετρίῳ]
2431 3443 2590 3498 haud
2640 3444 3050 3499 contemnendo
3068 3437 3105 3515 ,⁰

637 3535 701 3588 in
743 3549 830 3588 me
873 3536 944 3597 (ce
985 3536 1151 3598 cett.)
1194 3530 1361 3599 est1).
1423 3535 1631 3602 Neque
1673 3534 1814 3590 hinc
1910 3537 2147 3591 minime
2166 3537 2433 3605 imperito
2450 3532 2773 3600 ⁷).Litotee
2797 3534 2945 3592 haec
2967 3539 3082 3592 est.

638 3626 834 3683 aliena
888 3629 1061 3682 sunt:
1117 3631 1188 3695 μὴ
1235 3630 1294 3681 έν
1335 3630 1617 3695 παρέργου
1662 3630 1811 3696 μέρει
1994 3658 2065 3667 -
2093 3630 2529 3695 συμπέπλεγμαι]
2553 3642 2676 3684 vox
2698 3628 3082 3698 palaestrica,

639 3724 811 3773 θεῖναι
826 3714 897 3786 2),
937 3720 997 3773 ἐν
1037 3722 1238 3787 ἀρετῆς
1277 3724 1370 3787 ,καὶ
1415 3721 1618 3787 σοφίας
1661 3723 1811 3788 μέρει
1909 3720 2237 3790 conflictare
2278 3720 2628 3789 significans
2650 3717 2711 3787 8).

638 3814 846 3865 τιθέναι
916 3815 1022 3879 τὴν
1091 3813 1305 3867 ἀδικίαν
1331 3808 1403 3883 3),
1477 3813 1592 3869 alia
1656 3812 1809 3869 eius·
1994 3815 2089 3869 20.
2126 3815 2180 3868 τί
2213 3816 2319 3881 γὰρ
2358 3815 2726 3881 μετεδίδουνί]
2752 3828 2865 3869 sua
2885 3813 3081 3881 ipsius

639 3904 803 3960 modi
831 3901 894 3971 4).
955 3904 1174 3959 Rerum
1227 3904 1628 3961 humanarum
1666 3920 1811 3975 par·
1912 3906 2094 3961 verba
2132 3906 2315 3961 iterat
2338 3903 2401 3969 9).

640 4000 750 4051 tem
805 3991 1070 4065 aliquam
1090 3995 1135 4063 ὅ)
1190 3997 1287 4052 vel
1342 4000 1530 4054 etiam
1584 4013 1708 4053 rem
1749 3999 1808 4053 in
1858 3995 1862 4028 ²
1992 4029 2065 4039 -
2128 4002 2409 4065 ἑμμενεῑτε
2602 3999 2682 4062 οἷς
2737 4000 2804 4051 ἂν
2848 4000 3079 4064 δικάσω]

638 4090 993 4145 universum
1029 4090 1092 4144 in
1126 4089 1240 4145 hoc
1274 4104 1496 4157 genere
1529 4090 1812 4158 loquendi
1910 4092 2154 4146 brevius
2211 4092 2267 4145 id
2321 4091 2633 4146 dicebatur
2676 4092 2927 4156 ἐμμένειν
2968 4096 3083 4154 τοῖς

641 4182 805 4237 valet
845 4195 964 4236 vox
1012 4184 1188 4249 μέρος.
1912 4189 2207 4249 γνωσθεῖσι
2232 4180 2300 4251 10)
2343 4183 2439 4240 vel
2480 4191 2548 4253 τῇ
2591 4184 2770 4254 διαίτῃ
2798 4180 2885 4247 1¹).

711 4392 748 4454 ¹)
786 4396 863 4442 Cf.
911 4398 995 4443 Ar.
1033 4397 1150 4455 Lyn.
1189 4398 1304 4443 238.
1343 4422 1404 4431 —
1441 4393 1482 4459 2)
1523 4398 1656 4445 Plat.
1705 4398 1857 4457 Reip.
1900 4396 2051 4444 3706.
2102 4424 2161 4431 —
2210 4394 2249 4454 ³)
2282 4398 2416 4445 Ibid.
2461 4399 2612 4445 848e.
2648 4424 2710 4433 ——
2746 4396 2790 4458 ⁴)
2828 4400 2902 4446 cf.
2950 4398 3085 4444 infra

637 4477 712 4509 vs.
769 4465 864 4510 252
913 4465 1160 4512 Circumt.
1211 4466 1322 4511 107.
1369 4490 1433 4497 —
1469 4460 1512 4522 ⁸)
1555 4462 1658 4510 Een
1701 4464 1831 4525 zaejdae
1876 4464 1962 4511 der
2008 4464 2201 4527 dinqen.
2247 4490 2311 4499 -—
2362 4462 2407 4523 ⁶)
2454 4464 2555 4513 Een
2592 4464 3088 4528 qemeenschappelg‘jk

637 4530 966 4593 levensbelanq
1017 4546 1131 4578 σοον
1178 4532 1326 4579 allen.
1375 4556 1437 4567 —-
1487 4528 1528 4595 ⁷)
1566 4532 1632 4578 of
1687 4533 1932 4579 Circumt.
1986 4535 2099 4579 249.
2146 4558 2209 4567 --
2257 4530 2301 4591 ⁸)
2339 4534 2416 4580 Os.
2468 4536 2551 4580 Ar.
2600 4534 2725 4580 Aah.
2776 4535 2871 4579 '704
2918 4534 2984 4579 al.
3032 4536 3085 4580 et

636 4612 796 4657 supra
839 4600 961 4647 Her.
1011 4600 1090 4646 12.
1145 4622 1199 4633 —
1248 4596 1290 4657 ⁹)
1325 4600 1405 4647 Cf.
1441 4612 1517 4644 ve.
1551 4600 1597 4645 ὅ.
1633 4624 1692 4633 --
1735 4597 1797 4661 ¹⁰)
1832 4602 1980 4647 Dem.
2018 4601 2207 4648 XXVII
2244 4603 2267 4657 ς
2310 4604 2331 4647 1
2373 4602 2503 4647 [sae.
2540 4600 2583 4647 V
2618 4603 2647 4660 g
2683 4604 2763 4649 31.
2799 4626 2863 4635 --
2902 4597 2961 4663 ¹¹)
3002 4602 3082 4646 Ar.

639 4666 790 4726 Vesp.
827 4669 920 4712 524
957 4667 1228 4714 Demosth.
1265 4668 1353 4713 XL
1392 4667 1416 4727 ξ
1453 4668 1531 4712 11.
