3519 5416
641 601 724 660 34
1617 615 2118 660 mscspunrss

1085 785 1432 868 ἀλεκτρυών
1479 811 1564 860 τις
1612 785 1714 872 καὶ
1762 787 1923 866 μάλα
1968 787 2294 867 στρυφνός·
2341 785 2505 868 λαβέ.

1083 901 1250 963 τουτὶ
1299 898 1364 963 δὲ
1412 901 1698 964 διάλιθόν
1745 925 1817 962 τι.
1864 899 2115 975 πέλεκυς
2164 900 2387 964 οὑτοσί.

1622 1055 1902 1112 ΟΝΗΣΙ
1906 1055 1983 1112 Μ
1984 1055 2110 1114 ΟΣ.

1733 1161 1937 1228 (secum
1952 1164 1989 1225 t)

647 1236 674 1292 1
689 1235 772 1293 70
1087 1235 1145 1292 τί
1188 1229 1396 1306 ταῦθ’;

1643 1339 1702 1394 Σ
1708 1337 2090 1396 ΤΡῙΣΚΟΣ.

1435 1449 1780 1530 ὑπόχρυσος
1827 1448 2144 1522 δακτύλιός
2190 1471 2278 1522 τις
2325 1442 2559 1527 odiost,

1083 1561 1263 1635 αὐτὸς
1305 1563 1618 1644 σιδηροῦς.
1667 1555 1911 1644 γλύρίμα
1959 1572 2179 1644 ταῦρος
2224 1561 2265 1643 ἢ
2308 1563 2543 1643 τράγος·

707 1725 819 1770 168.
853 1721 1145 1785 *otpvqwch
1183 1739 1412 1786 στριφνοσ
1448 1724 1563 1771 eod.

639 1879 827 1933 supra
867 1864 1018 1920 dixit
1061 1865 1300 1936 Davus,
1329 1880 1568 1922 merum
1597 1867 1656 1921 id
1685 1869 1819 1923 erat

639 1957 1026 2014 mendacium
1051 1956 1094 2024 ¹)
1144 1987 1224 1997 -—
1265 1959 1524 2014 efficitur
1543 1955 1606 2025 2).
1671 1959 1818 2016 Con·

637 2049 776 2106 ferri
807 2053 1016 2119 potest
1040 2050 1268 2107 Creusa
1287 2052 1640 2122 Euripidea,
1664 2067 1819 2120 quae

637 2143 891 2198 infantis
949 2157 1128 2211 quem
1188 2145 1478 2214 exposuit
1525 2145 1677 2201 collo
1715 2145 1815 2201 cir-

639 2236 942 2291 cumdedit
1025 2251 1278 2292 aureum
1359 2238 1586 2294 monile
1665 2240 1818 2294 duos

639 2331 994 2400 serpentes,
1046 2329 1420 2386 Erichthonii
1461 2331 1819 2404 imaginem,

638 2421 941 2490 referens,
1000 2423 1192 2489 δέραια
1231 2427 1383 2477 παιδὶ
1426 2426 1675 2494 νεογόνῳ
1720 2426 1818 2492 φέ-

639 2531 754 2581 ρειν
776 2509 841 2579 3).
877 2515 1056 2582 Apud
1091 2514 1372 2571 Plautum
1412 2516 1644 2572 cistella
1677 2531 1815 2572 cum

639 2607 984 2674 crepundiis
1061 2609 1162 2662 est
1219 2610 1281 2662 in
1345 2608 1679 2664 Cistellaria
1739 2609 1815 2664 fa·

639 2698 810 2769 bula,
869 2714 1024 2767 quae
1077 2699 1152 2755 ab
1207 2715 1279 2756 ea
1331 2716 1554 2758 nomen
1601 2702 1817 2772 habet,

639 2806 750 2847 nec
801 2807 926 2848 non
968 2791 1029 2848 in
1073 2792 1340 2849 Terentii
1383 2795 1678 2853 Eunucho
1719 2795 1817 2851 ha·

637 2886 854 2941 bemus
896 2884 1192 2942 cistellam
1229 2901 1366 2943 cum
1396 2889 1817 2944 monumentis

639 2978 770 3034 sive
823 2977 1048 3049 signis,
1106 2979 1362 3047 denique
1418 2980 1477 3036 in
1535 2981 1819 3037 Rudente

641 3070 836 3125 Plauti
878 3071 966 3127 ita
1005 3072 1076 3127 ut
1118 3075 1332 3129 nostro
1361 3074 1489 3130 loco
1519 3073 1820 3130 eiusmodi

639 3166 1001 3220 ornamenta
1069 3163 1319 3233 singula
1387 3168 1815 3235 recensentur;

639 3257 822 3312 habet
875 3256 1038 3313 enim
1091 3257 1405 3314 Palaestra
1464 3258 1664 3328 puella
1711 3259 1816 3314 cis-

637 3347 876 3417 tellam,
938 3348 1000 3403 in
1064 3364 1185 3417 qua
1245 3352 1393 3406 sunt
1457 3352 1815 3422 crepundia,

639 3430 857 3508 quibus
923 3456 1071 3497 suos
1137 3445 1423 3511 parentes
1485 3458 1818 3511 agnoscere

641 3532 866 3601 possit:
911 3534 1200 3589 ensiculus
1239 3550 1458 3589 aureus
1505 3536 1816 3601 liliatum,

639 3625 897 3681 —inest
916 3640 1139 3682 nomen
1161 3627 1355 3695 patris
1371 3626 1813 3697 Daemones,—

639 3718 1085 3774 sccuricula
1129 3734 1392 3789 anceps
1421 3720 1815 3775 aureaitem

639 3810 944 3880 litterata,
1015 3842 1080 3851 —-
1136 3814 1353 3868 matris
1407 3827 1628 3869 nomen
1672 3812 1816 3869 Dae·

642 3903 791 3958 dalis
847 3906 944 3959 est
985 3903 1345 3974 inscriptum
1367 3948 1380 3975 ,
1431 3936 1494 3944 —
1533 3906 1818 3961 sicilicula

641 3996 1003 4065 argenteola,
1082 3998 1412 4053 maniculae
1485 3998 1636 4053 duae
1695 4014 1816 4051 con—

639 4105 846 4155 nexae,
871 4090 1110 4160 sucula,
1133 4091 1296 4145 bulla
1315 4105 1502 4145 aurea
1523 4086 1587 4155 4).
1618 4090 1816 4145 Etiam

2002 1867 2133 1921 168.
2185 1868 2487 1936 στρυφνὸς]
2530 1868 2839 1938 etv-mosne,
2883 1864 3093 1920 aridus

1916 1959 2189 2022 (minime
2224 1959 2671 2029 succulentus);
2708 1957 2907 2015 iocose
2929 1970 3094 2013 nunc

1916 2053 2163 2108 dictum.

2000 2146 2134 2200 169.
2192 2147 2437 2200 διάλιθόν
2490 2145 2564 2212 τι]
2620 2158 2868 2200 aureum
2921 2157 3091 2198 orna·

1914 2242 2172 2293 menium
2216 2239 2455 2308 aliquod
2492 2241 2863 2307 yemmatum.
2921 2235 3092 2291 Inter

1918 2333 2279 2388 ornamenta
2338 2346 2372 2387 e
2432 2330 2659 2386 Dianae
2720 2328 3093 2384 Brauroniae

1914 2423 2143 2492 templo
2226 2422 2287 2478 in
2366 2423 2726 2479 thesaurum
2790 2421 3092 2476 Minervae

1914 2514 2117 2571 delata
2182 2517 2738 2572 commemorantur
2786 2517 3091 2580 σύμμεικτα

1916 2610 2130 2663 διάλιθα
2152 2603 2227 2678 ⁶),
2276 2609 2427 2665 item
2475 2609 2535 2663 in
2579 2609 2878 2664 thesauro
2918 2605 3094 2676 Apol·

1912 2700 2055 2756 linis
2092 2700 2242 2758 Delii
2280 2705 2530 2770 καθετὴρ
2555 2701 2685 2757 sive
2720 2699 2933 2756 monile
2963 2717 3090 2767 χρυ-

1916 2801 2050 2859 σοῦς
2109 2798 2373 2861 διάλιθος,
2422 2798 2694 2863 ποτήριον
2734 2799 2883 2849 λέίον
2925 2795 3089 2848 διάλι-

1914 2894 2040 2954 θον,
2084 2890 2255 2956 ὅρμος
2296 2890 2536 2952 διάλιθος
2556 2883 2618 2953 ⁷).

1995 3011 2073 3020 —-
2113 2982 2363 3049 πέλεκυς]
2406 2980 2726 3035 securicula
2770 2993 2953 3035 aurea
2986 2992 3087 3035 an·

1915 3088 2075 3144 ceps,
2119 3088 2302 3141 quam
2330 3076 2712 3142 ἀποτρόπαιον
2743 3072 3093 3140 gestaverat

1915 3167 2119 3236 virgo,
2179 3168 2393 3235 utpote
2449 3166 2674 3221 Dianae
2728 3166 2791 3221 et
2830 3164 2959 3220 Iovi
3000 3178 3089 3219 sa·

1914 3273 2098 3314 cram.

2000 3352 2136 3406 170.
2172 3352 2489 3419 ὑπόχρυσος
2523 3352 2890 3414 δακτύλιος...
2921 3350 3090 3413 αὐτὸς

1917 3444 2199 3512 σιδηροῦς]
2258 3444 2488 3503 ferreus
2549 3442 2766 3497 anulus
2824 3446 3088 3497 ansatus.

1913 3536 1983 3590 In
2040 3535 2335 3605 Apollinis
2378 3536 2527 3592 Delii
2572 3535 2867 3590 thesauro
2916 3537 3090 3590 erant

1917 3631 2199 3683 δακτύλιοι
2272 3632 2489 3697 σιδηροῖ
2564 3629 3089 3695 ὑποκεχρυσωμένοι

1917 3723 2113 3776 ἕνδεκα
2190 3726 2254 3777 et
2322 3722 2613 3787 χονδύλιον
2680 3722 3000 3787 ὺπόχρυσον
3022 3715 3087 3785 8).

1914 3813 2163 3869 Idemne
2202 3814 2391 3882 igitur
2428 3813 2524 3868 his
2566 3813 2712 3869 locis
2753 3815 2887 3866 ὑπο·
2928 3811 3092 3867 valet

1916 3908 2071 3973 quod
2130 3906 2270 3961 alibi
2312 3910 2421 3960 ἐπι·
2462 3906 2523 3961 in
2570 3906 2879 3972 ἐπίχρυσος,
2924 3906 3089 3972 ἐπάρ-

1914 4000 2126 4066 γυροςῗ
2189 4000 2270 4053 At
2325 4000 2617 4066 ὑπάργυρα
2672 3998 2809 4053 alibi
2850 3999 2914 4053 et
2954 3999 3088 4051 ὑπό-

1916 4095 2048 4146 ξυλα
2110 4093 2172 4145 et
2232 4092 2520 4156 ὑπόχαλκα
2579 4090 2860 4145 dicuntur
2919 4103 3087 4144 orrea·

640 4182 699 4236 in
732 4182 1038 4238 Menandri
1070 4182 1492 4239 circumtonsa
1513 4197 1619 4253 per
1640 4182 1819 4251 signa
1914 4189 2107 4237 menta
2143 4185 2416 4249 arqentea
2450 4182 2542 4237 vel
2578 4182 2767 4251 liynea
2799 4181 2895 4237 vel
2914 4196 3093 4237 aenea

643 4274 709 4330 fit
751 4275 982 4342 agnitio
1005 4272 1068 4339 5).

1915 4279 2135 4329 aurata
2170 4270 2234 4341 9).

711 4474 746 4534 ¹)
782 4478 864 4525 Vs.
914 4480 994 4525 60.
1040 4504 1105 4513 -
1149 4474 1190 4535 ²)
1225 4476 1301 4525 Cf.
1350 4492 1428 4525 vs.
1475 4480 1590 4525 268.
1641 4504 1698 4512 —
1745 4474 1789 4540 ³)
1825 4479 1947 4525 Eur.
1994 4478 2105 4524 Ion.
2158 4478 2511 4524 1427—1431.
2556 4502 2617 4511 —-
2664 4472 2707 4539 ⁴)
2743 4477 2915 4523 Plaut.
2961 4476 3091 4524 Bud.

641 4546 738 4591 389
767 4558 874 4623 ρῳ,
906 4546 1256 4593 1154-1171.
1287 4571 1344 4579 —
1378 4541 1418 4642 5)
1449 4544 1526 4594 Cf.
1554 4544 1805 4625 Circumt.
1826 4548 1922 4593 ³03
1951 4558 2065 4604 sqq.
2088 4570 2149 4579 -
2170 4540 2510 4601 ⁸)CIG.150⁶³
2530 4542 2683 4604 (Βία.
2704 4540 2852 4605 Syll.¹
2872 4544 3091 4623 866)..—

639 4610 842 4670 ⁷)D1tt.
898 4610 1046 4672 Syll.¹
1099 4610 1236 4662 867⁴,
1267 4609 1344 4652 ¹⁸⁴2
1375 4610 1388 4642 ¹
1417 4612 1452 4659 Β.
1508 4639 1570 4650 -
1625 4610 1830 4678 ⁸)D1tt.
1878 4609 2027 4673 Syll.¹
2076 4608 2317 4660 86715201.
2366 4638 2430 4647 —
2478 4607 2519 4676 ⁹)
2553 4610 2630 4660 Cf.
2676 4624 2752 4659 vs.
2802 4613 2918 4669 187,
2964 4612 3089 4659 Dm.

639 4682 763 4739 syn.
802 4678 962 4745 36677,
998 4677 1156 4730 36715.
