3519 5416
1549 609 1786 655 samu.
2767 596 2890 656 117

432 782 551 844 illa
608 785 809 857 atque
862 781 1174 857 ignobilis
1208 776 1272 859 ²),
1333 782 1478 857 ipse
1538 783 1764 843 autem
1825 780 2114 844 Demeae
2175 782 2300 843 viri
2361 784 2592 845 divitis
2620 778 2666 864 ²)
2723 783 2900 846 filius

434 898 787 973 adoptivus
814 890 879 969 3).
952 896 1138 958 Clam
1198 896 1402 971 igitur
1462 911 1617 958 cum
1677 911 1757 958 ea
1819 896 2156 974 convenit,
2219 897 2495 972 gravida
2553 898 2736 962 facta
2795 901 2902 962 est

434 1010 679 1088 puella,
736 1015 937 1072 natus
994 1012 1096 1072 est
1151 1024 1332 1087 puer.
1389 1010 1557 1073 Rem
1601 1012 1860 1086 patrem
1910 1009 2153 1072 celavit
2195 1010 2416 1087 puella
2440 1004 2522 1083 ⁴):
2569 1012 2894 1075 infantem

433 1141 663 1188 recens
729 1129 965 1187 natum
1032 1125 1305 1188 tradidit
1370 1112 1765 1202 Moschioni,
1837 1126 1948 1201 qui
2007 1126 2076 1187 in
2139 1125 2338 1188 aedes
2396 1125 2682 1189 Demeae
2743 1143 2896 1190 eum

435 1240 695 1315 attulit;
759 1240 874 1302 sed
935 1254 1169 1301 verum
1229 1238 1385 1301 huic
1445 1237 1744 1300 confiteri
1799 1255 1952 1301 cum
2001 1239 2212 1301 nollet
2258 1242 2374 1301 aut
2419 1255 2550 1302 000
2597 1241 2897 1318 auderet,

435 1368 551 1429 per
603 1368 804 1415 anum
860 1354 1186 1415 nutricem
1228 1367 1269 1415 a
1314 1352 1637 1427 Chryside
1680 1353 1902 1429 puella
1947 1352 2196 1430 Samia,
2245 1355 2458 1430 patris
2504 1356 2897 1434 concubina,

430 1468 817 1544 impetravit
876 1470 950 1529 ut
1009 1468 1173 1530 haec
1234 1467 1379 1529 seni
1426 1466 1671 1529 diceret
1713 1482 1788 1529 se
1832 1467 2173 1530 invenisse
2218 1468 2545 1532 infantem
2574 1464 2622 1541 ⁵)
2667 1473 2734 1533 et
2777 1486 2895 1547 pro

428 1596 550 1643 suo
618 1581 897 1644 educare
967 1579 1157 1643 velle.
1227 1580 1610 1657 Improbare
1679 1581 1894 1658 primo
1955 1581 2299 1657 Chrysidis
2358 1582 2484 1644 hoc
2543 1584 2894 1646 consilium

430 1695 706 1773 Demea,
779 1710 941 1757 mox
1008 1696 1293 1757 feminae
1359 1696 1487 1757 sibi
1554 1686 2033 1758 dilectissimae
2104 1696 2409 1773 precibus
2469 1697 2689 1759 victus
2747 1712 2893 1759 con·

433 1809 660 1872 cedere
705 1811 779 1871 ut
822 1809 994 1887 apud
1040 1824 1113 1871 se
1158 1809 1475 1885 puerulus
1522 1810 1942 1871 educaretur.

522 1924 770 1986 Mutato
816 1924 967 1985 dein
1015 1924 1291 1986 consilio
1339 1958 1423 1967 —
1472 1939 1587 1986 cur
1623 1930 1739 1985 aut
1779 1924 2106 1998 quomodo
2145 1926 2485 1986 nescimus
2522 1958 2609 1967 —
2646 1924 2895 1988 Demea

432 2038 792 2101 Moschioni
828 2042 1057 2100 auctor
1094 2038 1221 2101 fuit
1258 2042 1331 2100 ut
1369 2039 1657 2101 Nicerati
1698 2038 1903 2100 vicini
1939 2037 2145 2100 filiam
2180 2038 2585 2115 Plangonem
2613 2054 2892 2102 uxorem

428 2152 717 2215 duceret.
758 2153 1066 2230 Impense
1104 2154 1212 2215 hic
1248 2153 1511 2215 laetari:
1554 2167 1903 2229 properare
1941 2153 2231 2228 nuptiae.
2272 2151 2412 2215 Cibi
2437 2154 2640 2229 igitur
2665 2168 2890 2228 quam-

428 2267 717 2343 primum
764 2282 801 2329 e
846 2268 1013 2330 cella
1056 2269 1215 2328 sunt
1258 2267 1613 2345 expromti,
1662 2268 1743 2328 ad
1783 2282 2065 2341 coquum
2106 2267 2603 2330 conducendum
2643 2268 2894 2329 missus

430 2384 535 2442 est
598 2382 937 2458 atriensis,
1007 2381 1165 2443 laeti
1230 2381 1565 2443 tumultus
1632 2382 1699 2442 in
1761 2380 2049 2443 Demeae
2109 2380 2386 2443 aedibus
2445 2382 2644 2457 plena
2703 2385 2892 2444 erant

428 2496 672 2557 omnia.
734 2494 903 2556 'l'um
962 2494 1211 2557 Demea
1262 2495 1435 2557 forte
1481 2494 1751 2556 fortuna
1794 2495 1962 2557 duas
2009 2510 2092 2557 ex
2139 2494 2402 2556 ancillis
2449 2496 2592 2557 suis
2639 2496 2893 2558 audivit

428 2609 604 2670 inter
637 2624 712 2671 se
736 2609 1209 2687 colloquentes,
1238 2624 1322 2671 ex
1345 2624 1628 2684 quarum
1653 2609 1878 2672 verbis
1900 2608 2232 2670 intellexit
2255 2610 2466 2686 ipsius
2487 2610 2892 2671 Moschionis

434 2739 580 2786 esse
622 2724 950 2786 infantem
997 2739 1192 2799 quem
1241 2724 1549 2786 educaret
1586 2723 1891 2799 Chrysis;
1933 2738 2008 2787 se
2045 2739 2253 2786 unum
2290 2725 2354 2786 id
2391 2740 2538 2786 esse
2579 2725 2888 2787 celatum.

433 2837 563 2900 Cur
622 2840 825 2900 vero?
884 2839 1105 2915 Ipsius
1168 2837 1507 2914 Chrysidis
1550 2836 1828 2899 filiolum
1876 2853 2024 2899 esse
2068 2838 2396 2915 suspicari
2441 2840 2684 2916 coepit,
2733 2854 2893 2900 mox

428 2953 497 3012 in
536 2954 789 3015 certam
825 2952 1327 3027 persuasionem
1368 2952 1571 3013 vertit
1609 2951 1921 3028 suspicio.
1960 2951 2215 3013 Siccine
2243 2952 2561 3029 propudio
2585 2968 2660 3014 se
2683 2952 2889 3014 fuisse

427 3065 564 3128 filio
622 3068 691 3128 et
750 3066 1188 3130 concubinae!
1252 3067 1441 3128 Hanc
1498 3081 1705 3129 unam
1765 3068 2033 3128 sontem
2088 3066 2320 3127 habet:
2369 3067 2678 3128 iuvenem
2725 3066 2888 3128 inte·

426 3181 792 3256 gerrimum
851 3182 983 3243 nisi
1028 3182 1225 3244 malis
1271 3181 1526 3243 artibus
1571 3197 1611 3242 a
1655 3180 2047 3243 muliercula
2091 3181 2345 3242 lasciva
2389 3179 2749 3257 pellectum
2793 3182 2891 3242 ita

426 3309 697 3372 peccare
755 3296 823 3357 10
884 3310 957 3357 00
1000 3311 1342 3370 nunquam
1388 3295 1717 3372 potuisse!
1771 3295 2169 3357 Moschionis
2212 3296 2416 3370 igitur
2452 3309 2654 3356 causa
2699 3295 2891 3371 turpe

730 3472 872 3480 ——v-

498 3578 539 3642 ¹)
574 3582 651 3631 ot.
686 3594 759 3631 vs.
798 3583 895 3630 184
931 3593 1068 3641 sqq„
1106 3582 1221 3629 248.

495 3656 540 3722 θ)
573 3659 653 3708 Cr.
688 3674 767 3710 vs.
807 3662 921 3711 16¹7.

496 3737 538 3804 ⁸)
574 3739 772 3788 Similis
833 3744 916 3788 001
963 3741 1161 3789 Demea
1212 3743 1390 3789 noster
1443 3739 1655 3788 Micioni
1702 3735 2022 3788 Terentiano
2070 3735 2178 3784 sive
2227 3737 2566 3796 Menandreo,
2617 3751 2776 3798 quem
2830 3750 2894 3785 ex

429 3819 683 3882 Adelphis
729 3820 910 3868 fabula
956 3822 1219 3868 novimus.
1264 3822 1335 3870 Ut
1376 3821 1519 3868 huno
1564 3817 1725 3882 (11100.
1763 3820 1826 3866 fr.
1864 3813 1934 3880 1),
1967 3815 2046 3865 010
2081 3817 2333 3864 Demeam
2369 3829 2583 3864 uxorem
2621 3830 2890 3877 nunquam

427 3900 679 3949 habuisse
729 3900 955 3948 arbitror
1004 3897 1096 3964 (cf.
1148 3913 1225 3948 vs.
1279 3901 1382 3961 22).
1434 3898 1703 3948 Aeschinus
1752 3902 1930 3946 autem
1972 3897 2214 3945 Micionis
2259 3896 2399 3943 filius
2444 3895 2725 3956 adoptivus
2770 3909 2889 3944 oum

428 3979 639 4025 nostrae
688 3977 900 4027 fabulae
951 3980 1255 4028 Moschione
1302 3981 1392 4040 qui
1436 3981 1737 4028 conferatur
1781 3976 2126 4039 dignissimus
2171 3979 2268 4025 001.
2306 3977 2383 4024 De
2417 3976 2657 4024 Nicen-ato
2690 3973 2896 4024 Demeae

430 4056 745 4105 Terentiano
780 4057 945 4106 simili
980 4059 1047 4106 cf.
1084 4073 1160 4106 vs.
1198 4060 1314 4108 205.

494 4131 541 4196 ⁴)
575 4137 731 4186 Matri
767 4153 852 4187 res
888 4136 1143 4195 innotuit3
1181 4139 1249 4186 cf.
1284 4150 1359 4185 vs.
1399 4138 1515 4184 213.

495 4211 539 4277 ⁸)
580 4216 659 4264 Cf.
704 4231 781 4265 vs.
831 4220 945 4276 140,
994 4220 1109 4275 169,
1159 4219 1271 4265 196.
1320 4218 1453 4265 Ante
1498 4215 1849 4276 paucissimos
1894 4215 2007 4263 dies
2053 4213 2184 4262 haec
2221 4213 2478 4262 accidisse
2515 4215 2737 4274 apparet
2771 4215 2891 4262 coll.

428 4307 505 4344 vs.
545 4296 657 4344 195.
692 4321 758 4331 —
787 4298 989 4345 Revera
1023 4297 1295 4357 peperisse
1330 4309 1499 4357 nuper
1535 4295 1842 4355 Chrysidem
1879 4308 1942 4342 ex
1971 4295 2185 4352 Demea,
2213 4294 2309 4341 sed
2338 4307 2456 4342 cum
2484 4295 2724 4341 mortuus
2752 4287 2894 4342 esset

428 4375 543 4423 eius
593 4375 785 4434 infans,
836 4376 972 4424 olam
1023 4378 1223 4425 Demea
1275 4377 1323 4423 ei
1373 4371 1713 4424 substituisse
1756 4374 2074 4423 Moschionis
2117 4373 2356 4432 filiolum,
2398 4375 2524 4421 sunt
2555 4374 2648 4431 qui
2682 4375 2892 4421 sumant

427 4457 645 4515 propter
692 4467 901 4503 versum
938 4457 1019 4503 51.
1055 4455 1159 4504 Sed
1194 4459 1247 4502 et
1281 4453 1385 4502 01ἰο
1418 4454 1627 4502 obstare
1662 4451 1794 4501 mihi
1829 4454 2075 4502 videntur
2109 4454 2392 4514 quominus
2429 4455 2638 4513 poetam
2671 4463 2781 4499 rem
2815 4452 2891 4501 ita

424 4533 640 4582 finxisse
686 4547 957 4583 sumamus
1002 4537 1056 4582 et
1097 4549 1283 4583 versus
1323 4536 1446 4594 196;
1483 4547 1603 4581 nam
1646 4541 1866 4582 matrem
1914 4546 2162 4581 vesanam
2208 4545 2397 4581 vocare
2432 4534 2715 4593 propterea
2751 4532 2892 4592 quod

429 4626 587 4661 suum
633 4610 805 4675 ipsius
847 4613 1099 4663 infantem
1149 4629 1253 4664 non
1300 4611 1555 4662 abiecerit
1599 4613 1693 4661 sed
1726 4614 1934 4669 educet,
1977 4625 2132 4661 nemo
2163 4615 2340 4672 potest
2371 4613 2473 4659 nisi
2505 4623 2728 4660 vesanus
2760 4609 2890 4673 ipse.

436 4690 515 4742 Cf.
552 4693 709 4742 etiam
746 4707 822 4743 vs.
858 4696 923 4743 99
959 4695 1191 4757 eth-159
1228 4694 1295 4742 01.
