3519 5416
605 602 688 662 10
1709 613 1941 658 trs-Ros,

1697 786 1948 845 ΔΑοΣ.
2016 861 2019 866 ¹

1040 899 1203 972 ἴσως.
1247 897 1681 978 τελευτήσαντα
1728 893 1786 959 δ’
1840 897 2029 959 αὐτὸν
2074 895 2442 978 προσλαβὼν

1042 1009 1074 1073 ὁ
1122 1013 1382 1093 Γοργίας
1429 1035 1484 1072 τι
1528 1012 1854 1092 κερμάτιον
1898 1010 2127 1090 ἔθαψε,
2172 1010 2275 1072 καὶ

1041 1127 1116 1188 τὰ
1160 1127 1389 1206 νόμιμα
1434 1127 1696 1205 ποιήσας
1742 1127 1895 1207 πρὸς
1933 1123 2091 1206 ἡμᾶς
2138 1124 2367 1187 ἐνθάδε

598 1244 683 1304 35
1044 1240 1245 1304 ἐλθὼν
1291 1239 1540 1323 ἀγαγών
1586 1263 1647 1302 τε
1693 1240 1805 1319 τὴν
1853 1239 2129 1319 ἀδελφὴν
2176 1237 2473 1318 ἐπιμένει,

1036 1354 1103 1416 τὸ
1150 1353 1318 1436 χρέος
1366 1354 1871 1437 ἀπεργαζόμενος.

1675 1498 1734 1553 Γ
1731 1497 1963 1555 ΕΤΑΣ
1967 1541 1977 1554 .

1909 1605 1949 1687 ἡ
2000 1607 2299 1691 Πλαγγὼν
2348 1605 2415 1669 δὲ
2460 1608 2543 1683 τί;

1699 1751 1946 1810 ΔΑΟΣ.

1042 1863 1186 1942 μετὰ
1231 1871 1336 1942 τῆς
1384 1861 1530 1941 ἐμῆς
1575 1860 1944 1942 κεκτημένης
1988 1861 2292 1942 ἐργάζεται

1039 1977 1171 2060 ἔρια
1218 1978 1498 2039 διακονεῖ
1537 2000 1628 2056 τε,
1671 1977 1964 2056 παιδίσκη
2010 1975 2177 2037 πάνυ
2236 2011 2314 2021 -

1040 2089 1221 2171 Γέτα,
1265 2095 1624 2175 καταγελᾷςς

1674 2234 1733 2289 Γ
1729 2231 1975 2289 ΕΤΑΣ.

1665 2342 1748 2422 μὰ
1793 2342 1901 2404 τὸν
1945 2343 2221 2404 Ἀπόλλω.

1699 2484 1946 2542 ΔΑΟΣ.

2291 2594 2457 2656 πάνυ
2470 2639 2488 2672 ,
2530 2592 2683 2655 Pica
2698 2637 2717 2672 ,

599 2716 684 2773 40
1042 2710 1384 2792 ἐλευθέριος
1431 2710 1534 2772 καὶ
1580 2713 1825 2790 κοσμία.

609 2864 655 2871 -—
690 2866 759 2869 --—
820 2866 857 2871 —
868 2866 889 2871 -
1935 2865 2052 2871 -—
2067 2865 2102 2869 —-
2113 2864 2210 2869 —.—-
2247 2864 2282 2869 --
2297 2864 2460 2869 --——
2471 2864 2578 2869 ——-
2619 2864 2686 2869 ---
2709 2863 2770 2869 ---
2785 2862 3039 2869 --.-——

663 2910 743 2957 ss.
779 2910 880 2972 τρια
915 2907 1086 2972 vivii]
1127 2916 1246 2973 θρῖα
1280 2911 1458 2969 legere
1493 2908 1600 2957 sibi
1634 2910 1777 2957 visus
1811 2912 1893 2957 ost
1928 2896 2059 2957 Lot(

665 3014 727 3021 —
763 2989 909 3036 Davo
943 2992 1110 3037 totum
1149 3003 1356 3038 versum
1395 2988 1725 3038 continuavit
1755 2986 1926 3047 vWil.,
1962 2989 2076 3036 cod.
2107 2989 2415 3047 εκαιδισκηε.

2565 3084 2776 3091 --———-

596 3167 930 3224 recentiore
993 3166 1257 3224 adverbii
1319 3170 1450 3227 loco
1516 3185 1765 3239 usurpa·
1941 3170 2037 3225 36.
2092 3170 2555 3238 ἀπεργαζόμενος]
2612 3169 2773 3223 recte
2828 3165 3044 3221 lexico·

596 3263 729 3316 tum
755 3256 798 3327 l)
839 3260 898 3315 id
940 3260 1102 3317 valet
1144 3264 1300 3329 quod
1343 3264 1478 3328 ἴσως
1520 3266 1583 3319 et
1622 3266 1769 3330 τάχα
1860 3262 2075 3333 graphi
2118 3263 2604 3331 interpretantur
2648 3260 2948 3322 ἀποδιδοὺς
2986 3259 3043 3312 ἐξ

591 3354 653 3409 in
697 3354 920 3423 prisca;
959 3354 1123 3410 viam
1157 3359 1453 3424 pararunt
1490 3358 1588 3411 ἐὰν
1622 3360 1763 3426 τύχῃ
1860 3358 1941 3411 ὧν
1999 3358 2295 3424 εἰργάσατο
2320 3352 2382 3419 7).
2448 3353 2737 3411 Solvebat
2780 3350 3039 3419 Gorgias

596 3444 731 3501 sim.
756 3442 800 3511 2)
855 3448 916 3502 et
969 3449 1000 3501 ὁ
1055 3450 1270 3515 τυχών,
1326 3447 1398 3507 cf.
1455 3448 1646 3505 etiam
1690 3451 1767 3513 ὡς
1859 3448 2106 3505 Lacheti
2147 3462 2435 3504 nummos
2479 3462 2515 3503 a
2556 3448 2773 3503 ceteris
2813 3444 3041 3501 vicanis

597 3541 757 3606 ἔτυχε
809 3541 890 3595 εἰσ
943 3543 1148 3595 temere
1170 3537 1241 3609 3)‚
1301 3544 1376 3605 εἰς
1422 3544 1594 3609 τυχόν
1637 3557 1767 3612 quo·
1859 3545 2171 3612 acceptos,
2200 3541 2399 3610 ipsius
2432 3542 2640 3598 autem
2675 3552 2821 3595 oves
2851 3538 3041 3606 gratis

595 3646 817 3701 cunque
833 3629 895 3699 4).
920 3632 1150 3689 Dicitur
1163 3634 1346 3689 etiam
1366 3637 1536 3701 τυχὸν
1557 3636 1692 3698 ἴσως
1701 3630 1767 3705 5),
1860 3636 2167 3704 pascebat.

598 3728 667 3780 ut
707 3727 890 3782 antea
931 3728 1074 3793 τάχα
1115 3728 1251 3792 ἴσως
1275 3722 1338 3793 6).
1941 3728 2036 3787 37.
2112 3734 2213 3795 τῆς
2291 3729 2425 3795 ἐμῆς
2490 3726 2844 3793 κεκτημένης]
2914 3738 3041 3779 ver·

679 3818 754 3873 32
796 3834 886 3886 sq.
944 3819 1210 3875 Constr.:
1262 3822 1674 3888 τελευτήσαντα
1713 3824 1771 3875 δ’

598 3914 770 3965 αὐτὸν
831 3914 860 3965 ὁ
918 3914 1140 3979 Γοργίας
1195 3916 1372 3980 ἔθαψε
1431 3916 1767 3981 προσλαβών

1859 3823 2075 3876 borum
2136 3822 2453 3875 structura
2516 3819 2688 3873 docet
2744 3816 2921 3886 plane
2975 3816 3038 3871 in

1856 3912 2235 3969 substantivi
2292 3913 2608 3968 notionem
2659 3911 2883 3967 abiisse
2924 3910 3041 3965 hoc

596 4024 650 4060 τι
693 4006 987 4072 κερμάτιον
1029 4009 1188 4073 (πρὸς
1228 4008 1328 4071 τὰς
1370 4008 1474 4061 δύο
1524 4012 1698 4074 μνᾶς).
1810 4069 1815 4097 Ι
1858 4006 2267 4075 participium,
2342 4020 2461 4072 quo
2525 4005 2773 4073 saepius
2843 4003 3036 4058 utitur

676 4098 772 4153 32.
815 4100 953 4165 πρὸς
993 4102 1137 4166 ἡμᾶς
1179 4100 1394 4165 ἐνθάδε]
1441 4100 1502 4152 in
1534 4102 1769 4154 nostras
1858 4098 2183 4153 Menander
2218 4096 2296 4168 ὅ),
2374 4098 2824 4167 Aristophanes
2915 4096 3032 4151 sub

597 4188 748 4255 (heri
789 4191 1090 4257 Lachetis)
1133 4192 1316 4247 aedes.
1859 4190 2019 4246 vitae
2060 4190 2247 4246 finem
2290 4190 2381 4247 uti
2426 4192 2623 4259 coepit
2644 4188 2714 4256 ⁹).

663 4404 700 4472 1)
736 4409 886 4455 Plato
917 4422 980 4456 eo
1014 4423 1115 4456 non
1147 4407 1333 4466 utitur,
1367 4410 1460 4457 sed
1495 4411 1547 4457 in
1578 4408 1803 4468 dialogis
1839 4410 2034 4467 spuriis
2070 4414 2173 4457 est:
2212 4408 2377 4456 Alcib.
2411 4407 2465 4455 11
2503 4408 2598 4454 140
2616 4422 2665 4464 a,
2704 4409 2854 4461 1500.
2890 4408 3042 4465 Eryx.

598 4475 750 4523 899b.
787 4478 930 4524 Infra
967 4480 1046 4523 ent
1073 4478 1212 4524 Diso.
1250 4480 1366 4533 268,
1400 4478 1514 4525 42⁴.
1551 4502 1614 4512 —
1653 4473 1696 4536 ⁸)
1735 4479 1814 4525 of.
1850 4480 1975 4525 Ran.
2012 4478 2126 4525 945.
2165 4504 2224 4511 —
2263 4473 2304 4537 ³)
2340 4477 2477 4523 Sam.
2517 4476 2596 4523 79.
2629 4499 2696 4510 —
2719 4472 2761 4535 ⁴)
2792 4476 3043 4522 Circumt,

598 4546 709 4591 184.
757 4570 823 4579 —
867 4540 909 4603 ὅ)
954 4546 1095 4592 Dise.
1131 4544 1227 4591 28⁷
1265 4546 1511 4593 Circumt.
1551 4546 1662 4592 147.
1703 4571 1763 4579 -
1801 4540 1841 4603 Β)
1882 4546 1958 4592 Of.
1995 4557 2128 4603 quae
2164 4544 2230 4591 ad
2267 4546 2352 4590 Ar.
2389 4544 2601 4591 Thesm.
2639 4544 2736 4590 880
2772 4555 2848 4600 sq.
2889 4556 3045 4590 anno-

593 4613 718 4659 tavi.
766 4638 826 4649 —
875 4608 918 4672 11)
967 4612 1110 4661 Suid.
1159 4615 1212 4659 et
1245 4614 1495 4673 Har-poor.
1531 4626 1572 4659 s.
1595 4626 1639 4659 v.
1675 4614 2065 4675 ἀπεργασάμενος
2099 4625 2162 4659 ex
2193 4608 2335 4660 Isnei
2370 4608 2611 4659 oratione
2646 4611 2939 4671 deperdita.
2976 4636 3039 4646 —

595 4676 636 4740 ⁸)
671 4676 811 4728 Dino.
850 4681 947 4729 850
985 4680 1230 4731 Circumt.
1269 4682 1352 4737 61,
1386 4682 1467 4741 87,
1505 4681 1586 4737 72,
1621 4681 1735 4726 300.
1774 4704 1837 4713 -
1870 4676 1911 4737 ⁹)
1950 4678 2091 4727 Eecl.
2130 4681 2259 4727 1126
2296 4680 2436 4727 Plut.
2473 4681 2520 4726 4.

3492 941 3494 1016 —
3473 833 3495 919 ss,-
