3519 5416
660 596 742 656 84
1649 604 2127 652 cmctmroNSA.

1681 837 1852 887 saltat
1884 836 2093 884 chorus.

1397 1039 1743 1110 Acws
1787 1037 2370 1109 SECUNDUS.

1272 1182 1373 1243 (Ex
1409 1182 1538 1230 urbe
1574 1179 1794 1230 veniunt
1829 1180 2127 1229 Moechio
2161 1182 2217 1228 et
2248 1176 2504 1236 Davus.)

1576 1311 1863 1368 SOENA
1905 1309 2211 1366 Pam.

1508 1455 2266 1534 Mosch10,Davu8.

1400 1686 1405 1691 ,
1675 1609 2110 1669 ΜοΣΧιΩΝ.

1017 1726 1170 1801 Δᾶε,
1214 1720 1500 1796 πολλάκις
1544 1718 1655 1801 μὲν
1698 1720 1823 1801 ἤδη
1867 1721 2022 1804 πρός
2069 1717 2130 1801 μ’
2183 1720 2563 1804 ἀπήγγελκας
2607 1728 2821 1796 σαφῶς

1014 1836 1129 1899 οὐκ
1173 1834 1432 1915 ἀληθές,
1475 1832 1601 1897 ἀλλ’
1657 1833 1895 1910 ἀλαζὼν
1941 1834 2045 1897 καὶ
2086 1841 2332 1897 θεοῖσιν
2377 1834 2595 1918 ἐχθρὸς
2642 1828 2711 1896 εἶ·

1015 1949 1099 2029 μὴ
1146 1947 1214 2012 δὲ
1256 1948 1360 2011 καὶ
1413 1948 1555 2012 νυνὶ
1598 1954 1833 2035 πλανᾷς
1882 1972 1986 2029 μες
2029 1960 2038 1965 ’

729 2112 811 2160 77.
844 2114 959 2167 Aba,
992 2114 1214 2166 πολλάκις
1245 2108 1385 2175 Lot]
1420 2112 1482 2159 δα
1500 2146 1659 2159 ......
1678 2126 1758 2159 κισ
1791 2110 1905 2159 ood-

724 2216 791 2227 --
820 2194 939 2256 πρός
972 2190 1295 2253 μήτι-Μαι
1331 2192 1394 2239 fr.
1430 2192 1564 2239 9787
1600 2191 1679 2240 Of.
1714 2204 1791 2239 vs.
1832 2191 1946 2238 137.

730 2351 812 2398 78.
847 2350 1068 2398 =Men.
1100 2350 1162 2398 fr.
1199 2350 1316 2399 875.

822 2268 1045 2335 4’σιιιιφσκῡ
1080 2269 1384 2319 dubitanter
1417 2268 1680 2332 supplevi,
1714 2288 1843 2318 ..α..
1880 2270 2010 2325 cod..
2042 2272 2163 2318 πολὺ
2194 2271 2317 2319 Leo.

728 2454 790 2464 —
828 2427 932 2491 nal]
965 2427 1076 2478 10:2⁰
1108 2429 1241 2490 eod„
1274 2442 1456 2477 verum
1489 2429 1709 2490 praebet
1741 2428 1904 2477 schol.
1939 2430 2025 2479 Ar.
2059 2430 2188 2478 Ban.
2223 2431 2322 2478 280
2355 2430 2498 2491 (Men
2533 2430 2596 2476 fr.
2633 2428 2772 2485 875).

730 2510 809 2556 79.
843 2508 909 2568 μὴ
936 2508 1121 2569 Korte]
1149 2527 1200 2569 .η
1228 2509 1360 2567 οοᾱ.,
1386 2514 1453 2571 πῇ
1480 2509 1612 2566 Les„
1639 2516 1693 2571 τῇ
1722 2509 1995 2567 Headlam,
2024 2508 2082 2555 ἂν
2109 2510 2352 2558 Sudhaus
2381 2511 2518 2570 (sine
2547 2505 2908 2567 interrogandi
2926 2500 3111 2562 signo).

663 2663 801 2705 cum
879 2649 1136 2722 Glycera
1214 2683 1287 2694 —
1364 2649 1427 2706 in
1490 2650 1717 2707 amicae
1781 2653 1844 2707 ni

661 2742 832 2800 fallor
871 2745 1121 2800 aedibus
1167 2775 1239 2784 —
1284 2746 1677 2814 compotasse
1712 2759 1842 2801 cen·

663 2837 856 2894 senda
911 2838 1039 2909 est,
1096 2836 1240 2893 vino
1296 2852 1475 2894 curas
1530 2852 1842 2908 mergere,

664 2929 733 2984 ut
794 2929 1073 3000 Polemo,
1136 2929 1403 2986 fortasse
1464 2933 1700 2988 conata.
1763 2931 1844 2987 Hi

662 3020 919 3078 iuvenes
960 3021 1081 3079 iam
1124 3021 1376 3078 chorum
1416 3023 1747 3081 efficientes
1781 3023 1842 3079 in

664 3115 1041 3172 orchestram
1069 3115 1377 3186 incedunt,
1400 3117 1538 3174 dein
1562 3116 1849 3174 saltando

664 3209 1051 3265 interludunt
1092 3210 1287 3265 actus.

745 3302 819 3358 77
878 3316 1006 3370 sqq.
1064 3301 1389 3359 'Prochaeis
1430 3303 1842 3374 tetrametris,

664 3396 861 3451 metro
929 3394 1356 3466 concitatiore,
1425 3395 1843 3466 conscriptum

663 3488 762 3544 est
791 3486 950 3555 quod
986 3485 1262 3555 sequitur
1282 3487 1670 3561 colloquium,
1691 3488 1843 3545 item

664 3581 724 3636 in
784 3581 990 3637 Samia
1042 3578 1245 3635 fabula
1299 3580 1615 3638 altercatio
1666 3581 1842 3638 vehe-

664 3671 1053 3729 mentissima
1134 3687 1352 3729 senum
1436 3673 1698 3730 Nicerati
1779 3674 1843 3730 et

663 3764 923 3821 Demeae
944 3761 1007 3835 1).
1088 3763 1289 3821 Etiam
1362 3765 1524 3822 inter
1583 3766 1841 3823 aliarum

661 3856 1003 3914 fabularum
1096 3858 1602 3916 Menandrearum
1689 3859 1841 3927 frag·

664 3953 874 4007 menta
973 3950 1271 4006 nonnulla
1372 3950 1468 4007 his
1569 3951 1842 4009 numeris

665 4044 812 4100 sunt
887 4043 1195 4099 adstricta.
1273 4043 1436 4112 Quos
1504 4044 1843 4101 severiores

664 4135 763 4191 hic
841 4136 1023 4204 poeta
1100 4136 1278 4192 finxit
1352 4151 1538 4206 quam
1612 4137 1842 4193 Aristo-

666 4229 927 4297 phanes;
987 4241 1291 4296 nusquam
1349 4229 1511 4286 enim
1570 4264 1643 4272 —
1688 4243 1843 4297 quae

1938 2652 2148 2721 gentia
2185 2687 2258 2695 —
2296 2653 2626 2711 secundam
2650 2650 2953 2721 dipodiam
2977 2660 3111 2705 cum

1940 2747 2125 2804 tertia
2177 2749 2264 2804 ita
2317 2745 2639 2803 coniunxit
2692 2746 2762 2801 ut
2816 2743 2986 2800 nulla
3026 2742 3115 2798 in-

1939 2840 2271 2896 tercederet
2315 2853 2526 2910 pausa.

2021 2932 2116 2988 77.
2151 2932 2416 2990 Moschio
2457 2932 2716 2995 πολλάκις
2748 2928 2955 2986 dicens
2989 2944 3112 2987 non

1941 3025 2124 3082 hasce
2171 3027 2385 3082 turbas
2435 3023 2662 3092 cogitat
2703 3025 2809 3079 sed
2849 3025 3114 3080 ceteram

1940 3117 2152 3176 vitam.
2190 3118 2324 3175 Non
2348 3117 2512 3175 enim
2533 3117 2798 3173 multum
2819 3117 3114 3188 temporis

1941 3210 2101 3268 inter
2154 3211 2318 3268 hunc
2369 3214 2575 3269 actum
2618 3213 2681 3269 et
2723 3209 2990 3282 primum
3028 3210 3112 3266 in-

1940 3303 2260 3363 tercessit:
2290 3319 2454 3361 nunc
2479 3305 2829 3375 Myrrhinae
2855 3305 3115 3373 εὐτρεπές

1943 3400 2060 3454 ἐστι
2099 3401 2166 3453 τὸ
2211 3401 2440 3466 ἄριστον
2460 3393 2534 3468 2),
2576 3398 2639 3454 in
2676 3398 2872 3469 primo
2905 3398 3112 3453 autem

1940 3489 2081 3545 actu
2114 3487 2246 3543 suis
2283 3487 2594 3544 sodalibus
2632 3491 2860 3556 ἄριστον
2895 3489 3114 3542 ἐποεῖτο

1939 3581 2184 3638 Polemo
2205 3576 2270 3646 3).
2311 3580 2440 3637 Cito
2481 3580 2669 3650 igitur
2703 3579 3112 3636 Moschionem

1938 3673 2175 3729 invenit
2269 3688 2450 3742 quem
2542 3673 2888 3743 quaesitum
2968 3671 3114 3728 abiit

1938 3764 2163 3819 Davus.

2021 3856 2115 3913 78.
2173 3863 2379 3912 θεοῖσιν
2435 3857 2650 3924 ἐχθρὸς]
2706 3853 2944 3925 priscus
2997 3854 3112 3909 ter·

1939 3949 2146 4006 minus
2220 3953 2360 4018 -σιν,
2425 3962 2544 4017 quo
2606 3948 2931 4004 Menander
2989 3960 3112 4002 non

1944 4042 2164 4112 utitur,
2205 4042 2270 4097 in
2310 4041 2422 4097 hac
2456 4043 2668 4098 tamen
2703 4053 2921 4096 vocum
2955 4039 3112 4094 iunc-

1941 4137 2079 4191 tura
2123 4133 2457 4205 permansit
2479 4129 2554 4203 4);
2599 4133 2784 4189 unius
2828 4132 2992 4188 enim
3021 4132 3114 4188 ad·

1940 4228 2139 4285 iectivi
2196 4228 2392 4283 instar
2447 4228 2546 4282 est
2592 4227 2846 4294 θεοῖσ(ιν)
2889 4227 3111 4293 ἐχθρός,

665 4321 824 4389 apud
916 4321 1391 4391 Aristophanem
1486 4321 1843 4391 frequentis·
1941 4321 2098 4376 unde
2199 4318 2662 4376 substantivum
2769 4316 3114 4384 θεοισεχθρία

666 4412 823 4468 sima
864 4414 963 4468 est
1004 4413 1135 4469 sive
1177 4413 1426 4471 libertas
1468 4415 1601 4470 sive
1647 4413 1843 4482 negle-
1941 4413 2192 4468 ductum
2233 4412 2331 4467 est
2353 4407 2417 4478 5).

735 4611 773 4674 ¹)
808 4614 885 4664 Of.
929 4617 1070 4664 Sam.
1114 4616 1212 4663 202
1249 4628 1366 4675 sqq.
1412 4642 1471 4650 —
1520 4611 1563 4678 ²)
1597 4615 1683 4662 Vs.
1730 4616 1846 4672 117,
1893 4616 2006 4662 282.
2052 4637 2119 4648 -—
2165 4609 2207 4676 ⁸)
2242 4613 2328 4660 Vs.
2377 4613 2456 4660 ⁵5.
2494 4637 2556 4647 —
2597 4608 2643 4674 ⁴)
2677 4611 2809 4659 Item
2862 4613 3115 4672 Anaxipp.

668 4683 731 4728 tr.
769 4679 837 4730 6⁴.
876 4684 1087 4731 Brevior
1124 4684 1291 4732 forma
1325 4687 1407 4730 est
1439 4683 1579 4730 infra
1611 4695 1687 4728 vs.
1727 4684 1841 4729 104.
1875 4705 1941 4715 —-
1976 4677 2019 4739 ⁸)
2056 4679 2132 4728 Of.
2168 4685 2252 4728 Ar.
2289 4681 2443 4740 vesp.
2481 4681 2595 4727 418.
