3519 5416
624 604 708 666 68
1592 615 2091 662 mssa-Pumice.

1597 789 2122 851 ΣΜΙΚΡΙΝΗΣ.

1737 899 1927 962 (iratus
1940 901 1979 962 ε)

1692 991 1847 1074 πρὸς
1892 998 2059 1054 θεῶν
2104 991 2211 1054 καὶ
2246 993 2558 1072 δαιμόνων
2607 1028 2689 1038 -

1613 1146 2103 1206 ΟΝΗΣΙΜΟΣ.

1071 1245 1180 1308 οἴει
1225 1245 1524 1325 τοσαύτην
1569 1245 1711 1318 τοὺς
1758 1245 1950 1319 θεοὺς
1995 1243 2167 1326 ἄγειν
2214 1245 2435 1326 σχολὴν

1069 1361 1218 1422 ὥστε
1261 1359 1327 1420 τὸ
1372 1358 1563 1421 κακὸν
1608 1357 1710 1421 καὶ
1753 1357 2033 1441 τάγαθὸν
2077 1354 2226 1421 καθ’
2276 1355 2514 1443 ἡμέραν

1072 1472 1278 1553 νέμειν
1323 1471 1581 1560 ἑκάστῳ,
1624 1473 1965 1556 Σμικρίνης

1601 1616 1660 1672 Σ
1664 1615 2107 1674 ΜῙΚΡῙΝΗΣ.

2010 1712 2199 1796 λέγεις
2246 1711 2313 1777 δὲ
2356 1716 2416 1777 τί
2428 1739 2446 1790 3

1552 1807 1559 1814 ’
1615 1855 2102 1917 οΝΗΣΙΜοΣ.

1075 1965 1289 2033 σαφῶς
1335 1955 1560 2030 διδάξω
1607 1951 1688 2016 σ’.
1736 1955 1888 2018 εἰσὶν
1932 1956 1997 2017 αἱ
2042 1966 2232 2019 πᾶσαι
2279 1956 2515 2036 πόλεις,

629 2059 760 2134 490
1075 2068 1288 2148 ὅμοιον
1334 2069 1548 2149 εἰπεῖν,
1591 2067 1794 2149 χίλιαι·
1840 2070 2180 2150 τρισμύριοι

1073 2178 1304 2246 οἰκοῦὸ
1354 2181 1628 2262 ἑκάστην·
1675 2179 1825 2244 καθ’
1880 2181 1989 2244 ἕνα
2032 2184 2261 2246 τούτων
2307 2184 2374 2246 οί
2412 2180 2554 2246 θεοὶ

1076 2295 1328 2360 ἕκαστον
1373 2296 1788 2380 ἐπιτρίβουσιν
1832 2295 1874 2378 ἢ
1920 2298 2209 2384 σῴζουσι;
2252 2307 2415 2373 πῶς;

1077 2409 1264 2493 λέγεις
1307 2410 1423 2493 γὰρ
1470 2410 1766 2474 ἐπίπονόν
1809 2408 1916 2473 τιν’
1967 2411 2192 2487 αὐτοὺς
2238 2414 2347 2492 ζῆν
2394 2412 2551 2493 βίον.
2601 2427 2681 2458 -’

1076 2525 1229 2604 ,,οὐκ
1273 2519 1393 2606 ἆρα
1440 2527 1870 2606 φροντίζουσιν
1914 2523 2091 2606 ἡμῶν
2137 2527 2203 2588 οἱ
2241 2525 2448 2601 'wolff‘

700 2687 798 2735 486
813 2712 855 2721 -
868 2687 1010 2735 488⁸.
1029 2705 1094 2727 =
1112 2687 1249 2735 Men.
1286 2687 1350 2734 fr.
1390 2686 1504 2736 1¹14.

699 2768 799 2814 492
827 2780 906 2827 sq.
933 2774 1032 2821 πῶς
1061 2792 1119 2801 -
1151 2765 1280 2830 βίον]
1299 2766 1546 2814 onesimo
1559 2767 1887 2815 continuavit
1903 2766 2182 2823 Bishai-dn
2212 2764 2456 2815 smiorini
2474 2766 2693 2814 dederat
2708 2764 2822 2811 Les.
2840 2774 2958 2811 eum
2977 2762 3091 2810 eod.

700 2846 817 2894 498.
853 2845 984 2909 βίον]
1015 2845 1286 2907 supplevit
1315 2846 1432 2894 Les.

701 2927 816 2973 494.
850 2925 934 2973 Fr.
981 2925 1078 2974 '162
1125 2928 1211 2973 οὐκ
1254 2920 1348 2989 ἆρα
1392 2928 1626 2987 φροντίζοι
1660 2942 1730 2981 τις
1766 2928 1891 2986 ἡμῶν
1928 2925 1954 2986 ἢ
1985 2928 2129 2985 μόνος
2156 2922 2165 2989 Ι
2196 2924 2309 2981 θοός
2344 2938 2407 2973 01
2440 2925 2540 2972 hoc
2572 2925 2687 2971 1000
2721 2922 2938 2971 ductum
2974 2933 3087 2970 0880

633 3004 922 3066 probabilis
956 3008 1038 3053 est
1069 3004 1261 3053 Leonis
1292 3007 1571 3053 sententis.

701 3109 768 3119 —
803 3088 848 3132 οι
878 3085 1010 3145 θεοί]
1049 3085 1317 3145 suppievit
1353 3086 1582 3141 vArnim.
1602 3109 1669 3119 —
1688 3080 1765 3133 τίσ
1791 3086 1883 3149 γὰρ
1914 3080 2019 3140 οὖνς
2048 3084 2161 3133 Les.
2190 3083 2484 3144 (Oroiset.)„·
2516 3108 2575 3118 -
2605 3084 2715 3131 τόδε
2740 3084 2825 3140 μὲν
2853 3084 2909 3129 οὐ
2926 3058 3089 3139 vwi1.,'

634 3165 752 3210 ἀλλὰ
785 3168 878 3219 «lc,-
912 3164 1115 3213 Hauon.

718 3306 1062 3362 486—501.
1119 3304 1478 3363 Onesimum
1538 3308 1810 3376 ἑπικουρί-
1911 3306 2007 3362 tot
2068 3310 2207 3362 esse
2268 3302 2686 3375 symmachiae
2748 3317 2898 3359 suae
2955 3301 3089 3359 civi-

637 3404 806 3457 ζοντα
845 3398 984 3455 fecit
1023 3398 1370 3469 Menander,
1411 3399 1515 3467 qui
1553 3398 1811 3468 Epicuro
1911 3400 2077 3455 tates
2140 3397 2284 3455 olim
2345 3396 2759 3453 Athenienses
2822 3392 3089 3465 perhibe-

637 3492 713 3548 ab
756 3491 966 3547 amicis
1008 3490 1124 3547 fuit
1146 3487 1190 3558 1)
1221 3493 1282 3548 et
1310 3492 1572 3561 patriam
1601 3494 1813 3560 ,,ἀφρο-
1912 3491 2060 3547 bant
2081 3486 2146 3559 4),
2185 3491 2389 3547 totum
2426 3490 2632 3546 orbem
2666 3490 2969 3544 terrarum
3014 3516 3085 3525 —

639 3588 811 3654 σύνης
851 3586 1171 3651 ῥύσασθαι”
1211 3600 1353 3643 eum
1397 3585 1550 3641 dixit
1588 3584 1652 3640 in
1696 3584 1815 3653 epi·
1915 3597 2126 3641 earum
2168 3582 2414 3651 quidem
2454 3584 2758 3640 terrarum
2796 3594 2949 3648 quae
2977 3579 3089 3635 diis

639 3678 981 3747 grammate
1043 3677 1332 3749 distich0,
1380 3679 1538 3747 quod
1590 3678 1819 3747 legitur
1916 3676 2164 3733 Graecis
2200 3690 2379 3732 curae
2402 3677 2553 3730 sunt
2574 3705 2649 3715 —
2673 3672 2934 3729 Athenis
2956 3672 3091 3727 sub-

637 3770 698 3827 in
739 3770 1135 3839 Anthologia.
1200 3771 1483 3827 Ceterum
1528 3771 1629 3827 diu
1672 3771 1817 3827 ante
1865 3811 1870 3864 ἱ
1917 3769 2110 3825 ditum
2153 3767 2413 3837 gloriati.
2454 3768 2530 3824 Et
2570 3781 2733 3823 nunc
2766 3765 3090 3822 Onesimus

637 3863 964 3934 Epicurum
1011 3862 1364 3920 Heraclitus
1405 3864 1643 3919 dixerat
1683 3867 1820 3931 ἦθος
1865 3873 1870 3898 ¹
1918 3861 2182 3918 Graecos
2225 3863 2333 3917 aut
2373 3860 2539 3917 solos
2582 3858 2808 3928 cogitat
2852 3859 2959 3914 aut
2992 3872 3091 3927 po-

640 3958 921 4027 ἀνθρώπῳ
965 3957 1201 4023 δαίμονα
1243 3960 1380 4011 εἶναι
1403 3952 1466 4024 ²).
1507 3987 1576 3997 —
1616 3955 1819 4012 Confe—
1866 3937 1872 3994 Ι
1918 3954 2248 4011 tissimum.
2293 3952 2668 4021 Quamquam
2711 3966 2833 4007 non
2878 3964 3095 4019 urgen-

639 4051 811 4106 ratur
864 4051 1072 4106 autem
1106 4047 1418 4118 Ignoratio
1461 4050 1518 4103 in
1564 4048 1820 4105 Circum·
1920 4048 2029 4103 dos
2104 4060 2245 4103 esse
2318 4045 2737 4101 huiuscemodi
2796 4058 3093 4100 numeros

641 4144 822 4199 tonsa
852 4141 1053 4198 fabula
1085 4144 1147 4197 in
1183 4140 1550 4198 contrariam
1585 4142 1822 4211 partem
1920 4154 2099 4196 nemo
2142 4152 2265 4195 non
2308 4140 2489 4195 videt.

641 4234 990 4305 disputans,
1022 4235 1169 4291 deos
1203 4234 1492 4290 nimirum
1519 4234 1581 4289 in
1603 4232 1822 4290 melius
2004 4232 2137 4288 490.
2182 4235 2379 4299 ὅμοιον
2420 4232 2612 4299 εἰπεῖν]
2654 4228 2839 4287 etiam
2881 4228 3019 4285 alibi
3048 4224 3092 4293 5)

641 4328 995 4384 convertere
1034 4327 1352 4384 hominum
1395 4326 1646 4384 consilia
1678 4322 1740 4392 3).
1922 4323 2082 4381 valet
2140 4324 2198 4380 id
2247 4324 2405 4392 quod
2450 4326 2527 4388 ὡς
2567 4326 2743 4389 (ἔπος)
2787 4323 2955 4377 εἰπεῖν
2998 4320 3094 4377 vel

726 4420 862 4476 489.
902 4420 1038 4475 εἰσὶν
1065 4420 1118 4475 αἱ
1137 4425 1312 4475 πᾶσαι
1331 4422 1544 4485 πόλεις.
1565 4462 1576 4474 .
1600 4462 1611 4473 .
1637 4420 1821 4486 χίλιαι]
1924 4420 2125 4484 σχεδὸν
2166 4418 2337 4472 εἰπεῖν
2369 4412 2432 4484 ⁶).

711 4620 751 4683 Ι)
786 4622 956 4672 Str-sb.
1000 4636 1050 4683 p.
1099 4623 1213 4671 ⁶88.
1261 4646 1323 4659 —-
1367 4618 1414 4682 ²)
1445 4623 1652 4670 Her-acl.
1686 4624 1748 4669 fr.
1789 4623 1883 4670 119
1918 4621 2079 4669 Diels.
2112 4646 2179 4655 —-
2212 4616 2251 4680 ⁸)
2288 4620 2539 4667 Oircumt.
2577 4618 2796 4665 43-50.
2833 4643 2895 4653 —-
2932 4614 2976 4677 ⁴)
3010 4618 3096 4665 Ar.

639 4692 795 4753 Vesp.
833 4690 950 4741 ⁷⁰⁷.
986 4716 1046 4726 —
1083 4686 1126 4753 ι5)
1161 4687 1332 4738 Etiam
1368 4690 1508 4751 apud
1541 4691 1682 4738 Plut.
1717 4690 1871 4747 Βίοις.
1902 4689 2116 4737 Diodor.
2154 4714 2213 4723 —
2250 4683 2295 4751 ο)
2328 4688 2462 4736 Plat.
2498 4686 2657 4747 Soph.
2694 4686 2845 4735 287⁶.
