3519 5416
587 596 672 654 54
1561 609 2060 654 DlscssPrAMES.

1451 853 1736 908 SGENA
1780 852 2163 916 QUARTA.

1458 984 1912 1046 Onesimus
1958 985 2161 1046 solus,

1577 1123 2050 1183 ΟΝΗΣῙΜΟΣ.

591 1239 720 1297 340
1032 1235 1394 1298 τοπαστικὸν
1442 1235 1508 1297 τὸ
1553 1236 1844 1316 γύναιονῑ
1896 1233 1975 1309 ὥς
2021 1233 2251 1321 ᾔσθηθ’
2308 1237 2396 1298 ὅτι

1032 1349 1183 1410 κατὰ
1228 1349 1333 1411 τὸν
1380 1346 1534 1428 ἔρωτ’
1591 1348 1705 1410 οὐκ
1749 1344 1859 1410 ἔστ’
1910 1347 2259 1429 ἐλευθερίας
2308 1357 2527 1431 τυχεῖν,

1035 1463 1223 1537 ἄλλως
1272 1459 1324 1524 δ’
1378 1461 1576 1540 ἀλύει,
1619 1463 1730 1541 τὴν
1778 1461 1984 1541 ἑτέραν
2029 1465 2347 1542 πορεύεται

1035 1575 1201 1640 ὁδόν.
1251 1572 1372 1638 ἀλλ’
1424 1576 1536 1658 ἐγὼ
1583 1576 1687 1638 τὸν
1733 1578 1935 1638 πάντα
1982 1579 2289 1640 δουλεύσω
2336 1580 2579 1659 χρόνον,

1033 1691 1287 1770 λέμφος,
1333 1690 1742 1769 ἀπόπληκτος,
1791 1691 2073 1769 οὐδαμῶς
2120 1692 2518 1772 προνοητικὸς

591 1810 720 1868 345
1035 1806 1105 1866 τὰ
1149 1815 1411 1867 τοιαῦτα.
1458 1804 1623 1884 παρὰ
1670 1807 1890 1885 ταύτης
1937 1803 1990 1866 δ’
2044 1807 2188 1880 ἴσως
2233 1831 2288 1866 τι
2333 1808 2634 1887 λήψομαι,

1036 1917 1112 2000 ἂν
1159 1919 1423 2004 ἐπιτύχῃ·
1470 1920 1572 1981 καὶ
1617 1921 1732 2000 γὰρ
1781 1922 2036 1982 δίκαιον.
2088 1955 2168 1986 -,-
2218 1920 2299 1994 ὧς
2345 1921 2491 1982 κενὰ

1033 2034 1134 2094 καὶ
1182 2031 1538 2116 διαλογίζοιί
1591 2032 1624 2096 ὁ
1671 2035 2086 2112 κακοδαίμων,
2128 2037 2489 2114 προσδοκῶν

1035 2151 1211 2227 χάριν
1257 2154 1605 2227 κομιεῖσθαι
1652 2148 1820 2227 παρὰ
1862 2149 2185 2230 γυναικόςΙ
2237 2148 2319 2228 μὴ
2367 2151 2559 2228 μόνον

1034 2263 1226 2324 κακόν
1268 2286 1322 2322 τι
1367 2264 1803 2343 προσλάβοιμιί
1856 2297 1944 2307 -
1991 2273 2109 2324 νῦν
2156 2262 2461 2343 ἐπισφαλῆ

591 2381 722 2439 350
1039 2377 1105 2437 τὰ
1151 2371 1441 2457 πράγματ’
1493 2375 1656 2437 ἔσται
1701 2373 1775 2437 τὰ
1820 2377 1956 2456 περὶ
2002 2376 2113 2455 τὴν
2156 2377 2525 2458 κεκτημένην

1034 2491 1268 2569 ταχέως·
1317 2489 1422 2551 ἐὰν
1468 2490 1582 2570 γὰρ
1629 2489 1855 2574 εὑρεθῇ
1901 2490 2128 2568 πατρὸς
2174 2493 2326 2570 κόρη

658 2703 772 2747 340.
809 2699 1095 2748 τοπαστικόν
1129 2693 1300 2765 vwi1.]
1339 2703 1391 2747 τό
1423 2700 1465 2759 γ’
1505 2700 1702 2749 ἀστικὸν
1734 2700 1850 2749 Les.

661 2807 717 2814 -
754 2773 999 2844 ἰᾔσθηθ]
1035 2780 1198 2843 epm-9*
1239 2779 1459 2839 ood.(·?),
1494 2780 1660 2843 every-‘t'
1701 2778 1935 2827 vArnim.

657 2862 755 2906 344
791 2872 868 2919 eq.
904 2860 1159 2906 Punctum
1197 2863 1319 2918 post
1350 2862 1656 2921 προνοητικός
1688 2858 1903 2917 delevit,
1937 2863 2057 2919 poet
2088 2868 2283 2907 τοιαῦτα
2318 2862 2531 2921 scripsit
2563 2864 2790 2909 vArnim.

657 2938 1190 2986 327—349·=Men.
1241 2938 1304 2985 fr.
1352 2940 1451 2985 564
1501 2934 1673 3001 (καίτοι
1718 2940 1919 2998 λογίζομ’
1967 2942 2021 2985 et
2053 2942 2199 3002 χάριν
2232 2942 2363 3005 παρὰ
2396 2960 2436 3000 γ.
2472 2940 2555 3005 ια),
2584 2941 2675 2988 ubi
2710 2946 3043 2988 accesserunt

593 3018 750 3064 verba
796 3018 872 3063 acal
919 3017 1123 3063 κάλλιστ’
1173 3018 1272 3077 ἔχει
1312 3014 1401 3079 (ad
1447 3030 1655 3064 versum
1703 3017 2018 3078 explendum
2068 3016 2293 3079 adiecta)
2341 3022 2393 3066 et
2437 3032 2620 3066 versus
2658 3022 2744 3066 οὐκ
2778 3024 2826 3065 ὃν
2859 3021 3040 3077 γυναικὶ

590 3100 756 3158 φύεται
806 3096 950 3155 πιστὴ
998 3098 1153 3159 χάρις,
1203 3108 1360 3155 quem
1408 3096 1646 3156 Euripidi
1695 3096 2051 3153 tribuendum,
2088 3094 2241 3145 'oei-fe
2284 3112 2386 3145 non
2434 3111 2550 3145 esee
2596 3098 2879 3155 Menandri,
2924 3112 3036 3145 sen—

592 3180 733 3223 serat
765 3176 990 3223 Dobree.

659 3258 773 3302 848.
808 3258 955 3313 μόνον
985 3254 1126 3314 Les-J
1160 3274 1309 3313 μον..
1346 3255 1460 3302 eod.

659 3336 755 3381 850
792 3348 868 3394 sq.
918 3332 1082 3381 *totae
1129 3348 1222 3394 pro
1270 3338 1366 3382 δστί
1410 3336 1615 3395 scripsi,
1662 3336 1782 3382 dein
1830 3336 2116 3383 semicolon
2162 3338 2213 3383 in
2260 3349 2443 3385 versus
2490 3338 2592 3384 fine
2627 3337 2819 3395 delevi,
2851 3334 3038 3398 scripsi

595 3418 714 3474 post
751 3414 926 3474 ταχέως
962 3427 1035 3459 vs.
1073 3415 1188 3460 351.

675 3604 810 3659 340.
833 3605 1193 3671 τοπαστικὸν]
1217 3605 1588 3674 inqeniosum,
1615 3606 1764 3672 εὑρε-
1865 3605 2087 3674 pituita
2142 3605 2404 3662 molesta
2456 3609 2585 3675 est,
2630 3620 2748 3661 non
2796 3620 3038 3662 emunc-

590 3698 760 3750 τικόν.
799 3695 1179 3751 Adiectivum
1217 3696 1474 3752 antehac
1507 3710 1633 3752 non
1656 3697 1763 3753 lec·
1866 3701 1965 3754 tae
2019 3697 2186 3753 naris
2241 3699 2443 3757 homo,
2505 3700 2585 3755 Cf.
2640 3699 2839 3754 nostri
2881 3699 3037 3767 frag-

593 3790 756 3857 tum;
797 3789 1044 3843 verbum
1082 3788 1242 3843 unde
1277 3789 1514 3843 ducitur
1542 3789 1766 3857 legitur
1865 3793 2171 3846 mentum:
2232 3793 2413 3859 γέρων
2468 3794 2814 3858 ἀπεμέμυκτ’
2855 3794 3039 3854 ἄθλιος

593 3896 645 3941 e.
669 3896 724 3948 g.
769 3881 929 3949 apud
969 3880 1478 3949 Aristophanem:
1525 3884 1641 3937 ἐπεὶ
1672 3901 1763 3937 το-
1865 3886 2076 3951 λέμφος
2106 3880 2168 3950 3),

594 3975 794 4029 πάζετε
834 3970 896 4039 1).
1782 3982 1786 3985 ’
1948 3976 2081 4031 350.
2106 3981 2211 4044 τὴν
2237 3978 2601 4045 κεκτημένην]
2628 3976 2847 4044 heram,
2874 3976 3035 4030 Pam—

676 4066 812 4123 342.
857 4066 1030 4133 ἀλύει]
1071 4065 1222 4120 nihil
1263 4060 1398 4135 αςίε,
1442 4070 1512 4122 ut
1551 4068 1611 4122 in
1649 4068 1764 4123 alio
1862 4069 2085 4139 philam
2120 4066 2184 4137 4).
2863 4130 2873 4140 ,

595 4156 776 4212 huius
833 4158 1068 4213 fabulae
1112 4171 1327 4227 versu,
1371 4158 1472 4226 qui
1514 4157 1765 4214 affertur
1948 4162 2083 4217 351.
2123 4164 2343 4231 εὑρεθῇ]
2384 4160 2722 4215 subiectum
2754 4174 2873 4215 non
2898 4174 3037 4216 esse

595 4250 753 4318 apud
808 4251 1126 4306 Photium:
1193 4252 1223 4304 ὃ
1284 4253 1339 4305 δ’
1393 4253 1546 4305 ἀλύει
1598 4254 1763 4307 πάλαι
1866 4254 2241 4323 Pamphilam
2299 4255 2404 4309 sed
2462 4256 2676 4321 ἐκείνην
2734 4254 2908 4321 (quod
2952 4268 3038 4309 se-

597 4344 986 4408 κατακείμενος
1020 4339 1084 4408 2).
1866 4348 2073 4413 quitur
2114 4362 2206 4403 vs.
2250 4346 2388 4411 353)
2425 4346 2555 4401 sive
2582 4346 2845 4415 puellam
2875 4345 3036 4401 illam

676 4436 813 4494 344.
869 4437 1101 4503 λέμφος]
1159 4434 1248 4490 sic
1303 4436 1519 4491 dicitur
1574 4436 1627 4493 is
1669 4438 1765 4492 cui
1866 4440 2171 4510 ignotam,
2214 4439 2315 4493 vix
2358 4442 2457 4495 est
2497 4440 2655 4507 quod
2699 4439 3034 4494 observem.

666 4672 701 4727 ι)
740 4678 821 4723 Ar.
857 4676 1010 4736 Vesp.
1043 4676 1123 4723 78.
1160 4702 1218 4710 —
1256 4670 1298 4736 ε3)
1332 4677 1476 4722 Infra
1513 4678 1574 4723 fr.
1611 4680 1656 4725 3.
1697 4704 1752 4711 -—
1794 4674 1836 4742 ³)
1870 4680 2005 4727 Men.
2040 4680 2103 4727 fr.
2142 4680 2255 4727 493.
2291 4704 2354 4713 —
2392 4675 2435 4739 ⁴)
2469 4676 2546 4724 Cf.
2584 4680 2704 4725 Her.
2741 4680 2819 4725 37.
