3519 5416
1787 1310 1903 1380 IV.

1656 1509 2029 1585 ΣΑΜΙΑ.

1654 1778 2042 1787 ----.

1193 1975 1303 2031 ΤΑ
1351 1973 1521 2033 ΤΟΥ
1563 1973 2035 2033 ΔΡΑΜΑΤΟΣ
2079 1971 2514 2033 ΠΡΟΣΩΠΑ.

1065 2156 1309 2238 Δημέας
1353 2157 1545 2241 γέρων
1589 2161 1898 2239 πλούσιος,
1940 2158 2138 2241 πατὴρ
2182 2159 2429 2240 ποιητὸς
2476 2158 2844 2239 Μοσχίωνος
2877 2152 2938 2229 ¹).

1066 2271 1413 2355 Παρμένων
1457 2273 1689 2354 οἰκέτης
1737 2273 2004 2354 Δημέου.

1072 2387 1407 2473 Μᾷγειρος.

1068 2499 1300 2582 Χουσὶς
1344 2499 1553 2583 ἑταίρα,
1593 2502 1800 2581 Σαμία
1827 2496 1895 2582 ²),
1935 2501 2208 2581 παλλακὴ
2254 2498 2517 2581 Δημέου.

1066 2615 1412 2697 Νικήρατος
1456 2614 1649 2698 γέρων
1696 2615 1911 2696 πένης,
1955 2616 2149 2697 πατὴρ
2199 2617 2568 2697 Πλαγγόνος.

1067 2731 1362 2810 Μοσχίων
1409 2732 1683 2811 νεανίας,
1728 2729 1977 2811 Δημέου
2023 2730 2156 2805 υἱὸς
2201 2726 2467 2811 ποιητός.

706 2961 1107 3022 Personae
1154 2961 1488 3023 tacitae:
1539 2960 1856 3022 Famulus
1903 2961 2113 3036 coqui.
2162 2961 2406 3020 Nutrix
2451 2960 2848 3021 Moschionis
2887 2973 3074 3020 anus,

705 3074 937 3136 Plures
982 3075 1041 3135 si
1086 3074 1353 3137 fuerunt
1396 3091 1743 3154 personae,
1796 3093 1831 3137 e
1877 3075 2277 3152 fragmentis
2322 3088 2455 3135 non
2493 3075 2980 3148 cognoscuntur
3007 3064 3077 3143 ⁸).

708 3188 995 3250 Chorum
1058 3189 1348 3250 adfuisse
1407 3192 1475 3252 et
1532 3206 1649 3267 per
1707 3206 1783 3251 se
1843 3189 2296 3266 intellegimus
2355 3191 2423 3249 et
2483 3188 2728 3249 diserte
2788 3188 3080 3248 testatur

618 3303 826 3365 codex
849 3296 933 3377 ⁴);
1018 3304 1132 3364 sed
1215 3306 1439 3379 partes
1515 3304 1652 3380 egit
1716 3303 1962 3366 nullas,
2033 3304 2083 3364 Ε
2153 3303 2458 3365 convivis
2527 3303 2606 3364 ad
2677 3299 3078 3362 Moschionis

617 3417 885 3492 nuptias
931 3416 1353 3478 celebrandas
1400 3418 1947 3481 convenientibus
1993 3419 2254 3479 videtur
2297 3417 2506 3479 fuisse
2550 3415 2977 3492 compositus.

708 3530 991 3590 Athenis
1034 3532 1190 3593 ante
1235 3531 1431 3594 aedes
1476 3532 1765 3595 Demeae
1809 3532 2158 3609 opulentas
2207 3535 2272 3592 et
2318 3527 2601 3596 Nio'erati
2643 3526 3078 3607 pauperculas

618 3645 689 3705 in
735 3642 843 3705 via
885 3644 1150 3721 publica
1202 3661 1312 3708 res
1358 3646 1464 3722 agi
1510 3645 1871 3723 finguntur.

707 3957 998 4019 Fabulae
1044 3961 1515 4034 argumentum
1562 3959 1685 4022 hoc
1733 3961 1869 4022 est:

709 4073 998 4134 Amabat
1032 4073 1297 4134 iuvenis
1336 4074 1625 4136 Moschio
1663 4074 1990 4149 virginem
2023 4073 2431 4149 Plangonem
2456 4073 2524 4134 in
2549 4073 2820 4135 aedibus
2844 4070 3081 4132 vicinis

619 4187 1061 4264 habitantem,
1112 4187 1229 4250 sed
1274 4188 1683 4250 matrimonii
1726 4203 1882 4264 spes
1929 4187 2112 4249 nulla
2157 4190 2330 4262 erat;
2375 4188 2676 4249 indotata
2720 4186 2896 4248 enim
2937 4186 3080 4246 erat
3147 4275 3158 4282 -

693 4396 733 4461 ¹)
770 4396 846 4446 Cf.
883 4411 956 4446 vs.
997 4399 1089 4446 131
1128 4412 1235 4459 sq.;
1270 4399 1512 4458 pluribus
1545 4398 1719 4447 verbis
1753 4397 1858 4446 diei
1893 4399 1947 4446 id
1982 4397 2167 4446 debuit
2201 4399 2255 4445 in
2290 4397 2502 4446 fabulae
2539 4400 2686 4458 parte
2720 4393 3010 4457 deperdita.

692 4475 715 4507 ς

688 4482 737 4621 8))
770 4478 989 4620 ῗὲρῖε
1002 4479 1113 4604 5notit
1124 4479 1423 4619 lg'sspbonis
1455 4570 1643 4605 nomen
1680 4559 1804 4604 sunt
1837 4557 1930 4618 qui
1964 4559 2249 4616 agnoscant
2285 4553 2338 4602 in
2369 4557 2661 4616 fragmento
2689 4555 2830 4614 quod
2856 4553 3080 4602 antehae

622 4637 888 4698 cognitum
924 4633 1029 4684 ruit
1059 4636 1219 4684 huius
1252 4635 1462 4684 fabulae
1496 4638 1710 4684 unicum
1747 4636 1834 4698 (tr.
1870 4637 2002 4694 437;
2035 4634 2089 4684 in
2122 4637 2228 4684 fine
2261 4636 2420 4684 huius
2451 4635 2572 4683 libri
2607 4630 2893 4697 afferetur).

686 4713 731 4778 ⁴)
767 4716 846 4766 ot.
882 4715 936 4764 id
970 4715 1113 4778 qnod
1149 4718 1275 4779 post
1308 4728 1386 4763 vs.
1422 4717 1522 4766 270
1555 4712 1768 4777 legitur.
