3519 5416
1459 610 1936 658 crnctmeronsx.
2834 596 2919 657 75

559 785 791 847 Simile
851 787 1051 860 atque
1107 787 1176 846 in
1236 784 1452 846 Heroe
1505 787 1572 846 et
1617 785 1686 844 in
1733 783 2271 860 Disceptantibus
2316 799 2424 845 res
2470 798 2639 858 quae
2684 782 2753 846 in
2800 781 2924 842 hac

469 900 696 963 fabula
753 899 1129 962 referuntur
1185 899 1496 960 videntur
1553 898 1870 960 habuisse
1926 898 2215 960 initium.
2263 897 2566 974 Expositi
2610 899 2789 959 certe
2838 929 2919 940 —-

471 1029 954 1092 quamcumque
1019 1014 1099 1075 ob
1168 1028 1441 1076 causam
1511 1047 1595 1058 —
1657 1013 1947 1075 Moschio
2006 1014 2077 1074 et
2136 1012 2414 1088 Glycera
2472 1012 2737 1075 Pataeci
2797 1011 2925 1072 viri

471 1130 694 1192 divitis
731 1129 923 1190 liberi
961 1128 1231 1205 gemelli
1259 1144 1300 1190 a
1336 1128 1727 1191 muliercula
1766 1129 2052 1202 quadam
2084 1141 2368 1203 paupere
2390 1129 2549 1189 sunt
2571 1127 2815 1189 sublati
2840 1121 2922 1206 ι);

471 1259 640 1318 quae
688 1258 969 1320 puerum
1017 1243 1196 1305 dedit
1240 1243 1618 1318 Myrrhinae
1663 1245 2015 1303 matronae
2064 1241 2321 1302 vicinae
2365 1243 2433 1303 et
2478 1241 2669 1302 diviti
2712 1239 2925 1305 filium

471 1359 904 1436 desideranti,
952 1358 1244 1436 puellam
1294 1373 1451 1419 vero
1497 1361 1574 1418 ut
1617 1372 1811 1419 suam
1858 1355 2065 1418 filiam
2112 1357 2422 1418 educavit
2465 1357 2611 1433 ipsa
2648 1359 2715 1418 et
2752 1357 2926 1418 adul-

470 1479 610 1536 tam
673 1474 1017 1536 Polemoni
1061 1472 1262 1534 militi
1308 1471 1650 1534 Corinthio
1697 1472 1878 1533 dedit
1923 1471 2382 1533 concubinam.
2430 1470 2604 1548 Mox,
2654 1485 2805 1532 cum
2857 1472 2928 1533 in

473 1605 550 1652 eo
608 1591 786 1651 esset
848 1591 923 1650 ut
984 1589 1378 1664 moreretur,
1441 1586 1700 1662 puellae
1761 1586 1933 1647 dixit
1990 1601 2120 1647 non
2182 1601 2408 1647 veram
2472 1600 2546 1647 se
2591 1601 2740 1647 esse
2786 1584 2929 1647 eius

471 1705 784 1780 matrem,
847 1702 1122 1764 fratrem
1186 1703 1412 1764 autem
1478 1715 1628 1762 esse
1690 1699 2137 1762 Moschionem
2184 1699 2498 1762 iuvenem
2545 1700 2612 1760 in
2660 1699 2931 1761 aedibus

473 1818 799 1896 proximis
843 1818 1222 1892 viventem;
1271 1817 1339 1877 et
1385 1815 1566 1876 dedit
1602 1814 1919 1889 Glycerae
1955 1815 2393 1876 monumenta
2429 1814 2783 1890 quaedam,
2821 1815 2924 1890 ut,

473 1933 534 1992 si
578 1931 716 1994 fors
760 1931 994 2008 ferret,
1040 1946 1080 1992 a
1117 1930 1504 2007 parentibus
1549 1931 1781 2005 posset
1824 1929 2115 2004 agnosci.

559 2046 758 2107 Brevi
801 2047 950 2123 post
995 2045 1287 2106 Moschio
1334 2045 1597 2106 iuvenis
1641 2044 1823 2105 laute
1868 2045 1938 2104 et
1979 2042 2252 2104 liberius
2297 2041 2533 2104 vivens
2578 2042 2923 2118 Glyceram

474 2159 760 2236 puellam
823 2161 1206 2235 venustam,
1273 2173 1471 2234 quam
1534 2157 1876 2219 admirans
1935 2171 2133 2232 saepe
2178 2157 2399 2218 fuerat
2442 2156 2751 2234 intuitus,
2800 2156 2925 2217 sub

476 2288 824 2348 vesperam
906 2273 1168 2334 invenit
1247 2275 1402 2334 ante
1484 2271 1863 2333 Polemonis
1931 2271 2129 2332 aedes
2197 2272 2524 2348 stantem,
2595 2274 2667 2332 et
2733 2271 2927 2348 genio

474 2386 824 2463 indulgens
861 2386 1213 2464 amplexus
1250 2388 1374 2448 est.
1415 2387 1538 2447 Illa
1576 2401 1706 2448 non
1746 2385 2077 2464 refugere,
2114 2385 2395 2447 fratrem
2433 2384 2738 2447 videlicet
2778 2401 2928 2447 esse

471 2502 726 2575 sciens;
810 2515 1108 2562 sororem
1177 2501 1323 2562 eius
1392 2516 1464 2562 se
1533 2515 1684 2562 esse
1752 2501 1969 2561 dicere
2039 2501 2099 2561 ei
2167 2500 2462 2562 nondum
2531 2500 2748 2577 potuit
2811 2502 2927 2561 aut

473 2615 712 2678 noluit.
775 2614 1177 2690 Supervenit
1233 2615 1550 2677 Polemon
1598 2614 1679 2676 ab
1725 2614 2147 2691 expeditione
2193 2615 2415 2690 aliqua
2456 2613 2665 2675 redux
2693 2607 2770 2690 ²);
2820 2614 2931 2688 qui

469 2732 691 2793 furore
728 2731 1072 2808 incensus,
1109 2744 1257 2790 cum
1298 2731 1367 2791 in
1405 2730 1666 2791 iuvenis
1689 2729 2006 2805 amplexu
2028 2731 2417 2791 haerentem
2444 2743 2593 2791 eam
2620 2730 2926 2806 vidisset,

472 2864 629 2910 ense
675 2848 821 2909 eius
869 2848 1084 2909 crines
1130 2846 1384 2908 recidit.

559 2962 836 3037 Glycera
887 2963 1148 3022 tantam
1196 2960 1670 3022 contumeliam
1715 2959 2086 3035 indignata,
2137 2959 2375 3034 quippe
2422 2958 2618 3035 plane
2664 2959 2925 3035 insons,

471 3093 554 3139 ex
594 3076 869 3138 aedibus
906 3074 1286 3136 Polemonis
1321 3075 1578 3150 aufugit
1609 3089 1761 3135 cum
1787 3073 2026 3135 Doride
2052 3072 2322 3150 ancilla,
2346 3088 2505 3134 mox
2530 3086 2570 3133 a
2594 3071 2932 3146 Myrrhina

469 3190 870 3253 Moschionis
936 3190 1152 3250 matre
1219 3188 1532 3264 adoptiva
1601 3188 1878 3249 comiter
1946 3190 2049 3250 est
2114 3190 2401 3264 recepta.
2470 3186 2715 3248 Verum
2776 3186 2930 3247 huic

470 3306 725 3367 dixisse
769 3319 919 3366 eam
968 3305 1351 3364 statuamus
1395 3318 1668 3365 necesse
1714 3304 1841 3363 est.

555 3420 830 3482 Interim
900 3418 1325 3480 Polemonem
1399 3417 1773 3480 iracundiae
1819 3419 2250 3480 vehementer
2293 3418 2639 3494 poenituit.
2687 3416 2929 3480 Audito

469 3537 694 3596 autem
742 3534 810 3595 in
857 3534 1234 3608 Myrrhinae
1279 3534 1415 3595 iam
1463 3534 1738 3594 aedibus
1781 3548 1931 3594 eam
1980 3533 2242 3610 degere,
2295 3532 2359 3593 vi
2400 3548 2515 3592 eas
2552 3547 2929 3608 expugnare

469 3648 710 3725 voluit,
748 3650 824 3710 ut
861 3649 1138 3710 moecho
1177 3649 1496 3709 nimirum
1535 3648 1830 3724 puellam
1870 3648 2190 3724 eriperet3
2230 3648 2347 3708 sed
2386 3662 2544 3708 mox
2581 3662 2620 3706 a
2650 3647 2930 3708 Pataeco

469 3763 683 3825 amico
726 3764 812 3826 ad
855 3764 1122 3825 saniora
1170 3762 1448 3825 consilia
1493 3765 1850 3825 revocatus
1895 3766 2019 3825 est.
2069 3764 2341 3824 Petente
2386 3762 2537 3824 dein
2575 3762 2930 3823 Polemone

466 3878 794 3940 Pataecus
854 3878 1021 3940 adiit
1082 3878 1464 3954 Glyceram,
1525 3879 1599 3938 ut
1661 3892 1812 3938 eam
1874 3878 2212 3952 exoraret;
2276 3876 2389 3951 qui
2447 3878 2604 3938 dum
2651 3891 2803 3937 cum
2852 3891 2931 3937 ea

469 3992 882 4069 colloquitur,
929 3992 1254 4069 suspicari
1301 3992 1516 4069 coepit
1551 4007 1699 4053 eam
1741 4006 1889 4053 esse
1929 3988 2136 4052 filiam
2176 4004 2400 4067 suam,
2442 3991 2511 4051 et
2547 4005 2734 4067 mox,
2778 4004 2930 4051 cum

537 4214 578 4275 Ι)
615 4213 866 4279 Captivam
903 4211 1116 4279 puellam
1152 4216 1292 4277 quod
1329 4216 1606 4296 Glyceram
1646 4218 1799 4263 vocat
1831 4212 2189 4263 Philostratus
2222 4214 2375 4274 epist.
2413 4215 2475 4261 26
2510 4216 2564 4260 et
2598 4215 2679 4271 64,
2712 4215 2933 4272 apparet
2998 4220 3005 4229 ·

468 4309 586 4344 eum
635 4295 869 4344 fabulam
917 4308 1020 4345 non
1057 4294 1251 4356 legisse
1297 4272 1493 4357 ipsum,
1541 4295 1636 4343 sed
1681 4295 1747 4342 de
1778 4292 1949 4343 milite
1985 4297 2039 4342 et
2072 4294 2137 4341 de
2173 4293 2395 4341 aedibus
2428 4293 2743 4354 oppugnatis
2783 4294 2837 4339 et
2867 4292 2933 4339 de

465 4374 643 4435 puella
688 4376 910 4424 detonsa
946 4389 1064 4424 cum
1101 4373 1305 4435 aliquid
1337 4373 1702 4438 inaudiviseet,
1732 4387 2012 4436 perperam
2044 4374 2147 4421 sibi
2181 4374 2395 4421 finxisse
2428 4386 2556 4421 rem.
2584 4370 2674 4419 Sui
2700 4368 2823 4419 iuris
2850 4376 2933 4419 est

469 4454 692 4515 Glycera
725 4456 819 4516 (vn.
861 4456 995 4514 284).

539 4528 582 4593 ἵ)
616 4532 692 4581 Cf.
738 4548 815 4583 vs.
862 4537 960 4584 236
997 4548 1078 4593 sq.
1123 4538 1177 4581 et
1220 4533 1438 4582 Luciani
1485 4534 1652 4582 multa
1700 4547 1728 4580 e
1775 4534 1953 4579 nostra
1999 4532 2178 4580 fabula
2225 4530 2469 4580 ducentis
2508 4530 2563 4578 in
2595 4530 2929 4579 meretricum

472 4613 730 4673 colloquio
786 4616 972 4664 verba:
1025 4616 1050 4662 ὀ
1107 4614 1337 4674 Πολέμων
1383 4615 1481 4661 ἀπὸ
1534 4621 1614 4673 τῆς
1675 4613 1925 4677 στρατείας
1974 4613 2237 4677 dxv-'ormo-
2288 4618 2502 4663 πλουτῶν
2552 4616 2643 4663 xri.
2695 4611 2934 4675 (Lucisn-

469 4692 682 4753 (van
716 4696 747 4743 o
784 4694 936 4754 init).
