3519 5416
1562 622 1796 673 emm.
2775 613 2900 672 189

462 796 589 855 190
901 790 1049 871 ἀλλ’,
1081 790 1425 875 Ἡράκλεις,
1472 796 1530 856 τί
1570 805 1777 871 τοῦτο;
1825 796 2059 876 πρόσθε
2105 806 2224 857 τῶν
2269 802 2484 874 θυρῶν

900 906 1107 987 ἕστηκε
1154 908 1382 988 Χρυσὶς
1426 910 1535 988 ἥδε
1580 906 1876 985 κλάουσ’;
1921 910 1994 973 οὐ
2042 908 2152 987 μὲν
2198 904 2312 972 οὖν

902 1018 1083 1100 clun!
1132 1056 1221 1065 —
1266 1022 1324 1081 τί
1364 1044 1507 1084 ποτε
1552 1022 1617 1084 τὸ
1662 1024 1946 1104 γεγονός-ς

1519 1190 1848 1247 ΧΡΥΣῙΣ.

1056 1340 1061 1345 ,
1983 1274 2308 1355 ἔκβέβληκέ
2351 1300 2424 1355 με

902 1384 933 1449 ὅ
980 1388 1154 1465 φίλος
1202 1385 1233 1449 ὁ
1278 1388 1531 1468 χρηστός
1580 1407 1709 1451 σου.
1754 1390 1815 1450 τί
1854 1389 1967 1470 γὰρ
2013 1384 2169 1451 mr!

1426 1556 1945 1615 ΝΙΚΗΡΑΤΟΣ.

2212 1635 2259 1703 ὦ
2294 1637 2639 1721 Ἡράκλειςῑ

900 1731 1020 1804 τίς;
1067 1731 1345 1811 Δημέας;

1514 1850 1844 1907 ΧΡΥΣΙΣ.

1386 1948 1507 2009 ναί.

1416 2089 1934 2148 ΝΙΚΗΡΛΤΟΣ.

1541 2201 1645 2261 διὰ
1689 2200 1780 2273 τίς

1517 2367 1848 2424 ΧΡΥΣΙΣ.

1810 2478 1913 2540 διὰ
1957 2478 2022 2540 τὸ
2069 2479 2338 2539 παιδίον.

1417 2646 1483 2704 Ν
1484 2646 1647 2704 ΙΚΗ
1646 2648 1747 2705 ΡΑ
1755 2646 1934 2704 ΤΟΣ.

464 2759 585 2820 195
895 2757 1131 2837 ἤκουσα
1178 2758 1399 2831 καύτὸς
1443 2769 1561 2819 τῶν
1608 2769 1916 2839 γυναικῶν
1963 2758 2052 2818 ὅτι
2098 2757 2332 2838 τρέφεις

898 2871 1230 2952 ἀνελομένη
1273 2873 1602 2952 παιδάριον
1650 2871 2069 2955 ἐμβροντησίᾳ.

895 2981 1014 3047 ἀλλ’
1068 2982 1174 3047 ἔστ’
1231 2986 1457 3060 ἐκεῖνος
1504 2983 1678 3064 ἡδύς.

1515 3153 1843 3210 ΧΡΤΣΙΣ.

1739 3263 1854 3325 οὐκ
1901 3261 2176 3344 ὠργίζετο

522 3451 616 3494 190
653 3462 729 3508 eq.
783 3447 899 3496 *Sic
951 3451 1269 3510 intel-punxi,
1320 3451 1433 3498 Lef.
1485 3455 1604 3511 poet
1650 3457 1814 3513 θυρῶν
1860 3446 2220 3508 interrogandi
2265 3453 2473 3510 signum
2521 3449 2746 3509 scripsit,
2783 3451 2903 3508 poet

452 3529 649 3574 κλάουσ’
694 3530 968 3588 virgulam.

519 3608 630 3652 192.
666 3623 781 3654 non
815 3609 945 3668 Leo]
980 3625 1171 3656 ποτιστι
1207 3609 1323 3656 cod.

523 3688 632 3732 196.
670 3684 1036 3750 *δμβροντησίιῄ
1075 3695 1177 3736 wia
1200 3689 1344 3744 ‘Lef.,
1381 3695 1509 3742 -σίας
1540 3686 1800 3735 Richards
1835 3687 1968 3746 (sed.
2003 3687 2069 3733 cf.
2108 3689 2190 3733 Ar.
2227 3688 2352 3733 Ach.
2390 3685 2528 3749 833).

520 3767 641 3812 19⁷⁹
674 3773 779 3825 sq.·
815 3766 1053 3827 Chrysidi
1086 3768 1231 3814 dedit
1266 3769 1430 3829 vWil.‚
1465 3769 1579 3814 Les.
1616 3768 1859 3814 Nicerato
1896 3765 2250 3812 continuabat.

2759 3861 2888 3870 .———

1718 3933 1922 3989 dantis
1955 3933 2068 3988 hoc
2104 3935 2200 3988 es't
2237 3931 2630 3987 adiectivum:
2669 3935 2728 3986 ac
2763 3932 2899 4001 lepi-

1720 4029 1830 4082 dus
1873 4029 1952 4080 est
1988 4027 2080 4081 ille
2113 4049 2195 4074 =
2228 4042 2412 4096 saepe
2447 4029 2551 4083 risi
2588 4027 2897 4082 hominem

536 4120 665 4173 195.
690 4125 907 4187 ἤκουσα
931 4123 1153 4188 καύτὸς]
1177 4136 1300 4177 rem
1320 4127 1623 4177 recentem
1716 4120 1985 4188 fatuum,
2028 4121 2228 4186 itaque
2251 4120 2453 4175 minue
2477 4121 2734 4176 mirabar
2755 4135 2897 4175 eum

449 4226 586 4267 esse
641 4227 719 4267 ex
776 4213 869 4266 his
923 4213 1123 4268 verbis
1186 4197 1471 4282 appetem
1528 4217 1627 4278 τὰς
1718 4215 1776 4268 in
1842 4214 2024 4268 aedes
2087 4227 2233 4268 suas
2295 4213 2588 4268 infantem
2645 4213 2896 4281 originis

447 4312 711 4368 γυναῖκας
744 4307 951 4360 autem
982 4306 1299 4362 Niceratus
1322 4307 1461 4362 dicit
1485 4321 1623 4362 uxo·
1717 4307 1965 4375 ignotae
2009 4321 2169 4362 nunc
2204 4307 2647 4362 admittentem.
2691 4338 2744 4346 —-
2785 4309 2898 4362 Mo-

447 4411 574 4453 rem
618 4401 681 4454 et
718 4398 909 4453 filiam
952 4399 1343 4468 Plangonem.
1718 4414 1854 4454 rum
1915 4399 2356 4466 elegantiorum
2420 4401 2612 4456 vicino
2665 4399 2898 4456 invidet

534 4491 667 4546 197.
722 4494 877 4558 ἡδύς]
935 4506 1074 4548 cum
1135 4495 1449 4548 contemtu
1496 4492 1623 4548 lau·
1718 4493 1899 4547 homo
1943 4506 2176 4561 egenus
2222 4493 2286 4546 et
2328 4493 2624 4548 rusticior.

532 3933 665 3988 193.
730 3937 761 3988 ὁ
818 3938 1078 4004 χρηστός]
1134 3936 1221 3992 ita
1272 3935 1499 3991 dictum
1556 3937 1625 3990 ut

449 4037 635 4093 supra
664 4021 725 4089 1).

516 4686 559 4750 ¹)
595 4691 671 4739 Os.
708 4693 847 4740 Dicc.
889 4695 1003 4741 468.
