<?xml version="1.0" encoding="UTF-8"?>
<!DOCTYPE html PUBLIC "-//W3C//DTD XHTML 1.0 Transitional//EN"
    "http://www.w3.org/TR/xhtml1/DTD/xhtml1-transitional.dtd">
<html xmlns="http://www.w3.org/1999/xhtml" xml:lang="en" lang="en">
 <head>
  <title>
</title>
<meta http-equiv="Content-Type" content="text/html;charset=utf-8" />
  <meta name='ocr-system' content='tesseract 3.04.00' />
  <meta name='ocr-capabilities' content='ocr_page ocr_carea ocr_par ocr_line ocrx_word'/>
</head>
<body>
  <div class='ocr_page' id='page_1' title='image "./menandriquatuor01lefegoog/menandriquatuor01lefegoog_0095.png"; bbox 0 0 3519 5416; ppageno 0'>
   <div class='ocr_carea' id='block_1_1' title="bbox 1383 595 2851 660">
    <p class='ocr_par' dir='ltr' id='par_1_1' title="bbox 1383 595 2851 660">
     <span class='ocr_line' id='line_1_1' title="bbox 1383 595 2851 660; baseline -0.003 0"><span class='ocrx_word' id='word_1_1' title='bbox 1383 611 1861 660; x_wconf 63' lang='lat' dir='ltr'><strong>omoumonsil.</strong></span> <span class='ocrx_word' id='word_1_2' title='bbox 2766 595 2851 656; x_wconf 87' lang='grc'><strong>83</strong></span> 
     </span>
    </p>
   </div>
   <div class='ocr_carea' id='block_1_2' title="bbox 851 783 2236 1325">
    <p class='ocr_par' dir='ltr' id='par_1_2' title="bbox 851 783 2236 1325">
     <span class='ocr_line' id='line_1_2' title="bbox 1493 783 1771 844; baseline 0.004 -1"><span class='ocrx_word' id='word_1_3' title='bbox 1493 783 1771 844; x_wconf 77' lang='grc' dir='ltr'><strong>ΔΩΡΙΣ.</strong></span> 
     </span>
     <span class='ocr_line' id='line_1_3' title="bbox 851 1007 2195 1093; baseline -0.004 -17"><span class='ocrx_word' id='word_1_4' title='bbox 851 1014 1082 1087; x_wconf 78' lang='grc' dir='ltr'><strong><em>παῖδες·</em></strong></span> <span class='ocrx_word' id='word_1_5' title='bbox 1128 1013 1441 1092; x_wconf 68' lang='grc' dir='ltr'><strong><em>μεθύοντα</em></strong></span> <span class='ocrx_word' id='word_1_6' title='bbox 1485 1011 1768 1092; x_wconf 75' lang='grc' dir='ltr'><strong>μειράκια</strong></span> <span class='ocrx_word' id='word_1_7' title='bbox 1812 1007 2195 1093; x_wconf 78' lang='grc' dir='ltr'><strong><em>προσέρχεται</em></strong></span> 
     </span>
     <span class='ocr_line' id='line_1_4' title="bbox 853 1121 2236 1208; baseline -0.003 -19"><span class='ocrx_word' id='word_1_8' title='bbox 853 1121 1172 1208; x_wconf 78' lang='grc' dir='ltr'><strong><em>πάμπολλ’.</em></strong></span> <span class='ocrx_word' id='word_1_9' title='bbox 1218 1125 1444 1188; x_wconf 77' lang='grc' dir='ltr'><strong><em>ἐπαινῶ</em></strong></span> <span class='ocrx_word' id='word_1_10' title='bbox 1493 1125 1821 1207; x_wconf 79' lang='grc' dir='ltr'><strong><em>διαφόρως·</em></strong></span> <span class='ocrx_word' id='word_1_11' title='bbox 1865 1122 2236 1205; x_wconf 74' lang='grc' dir='ltr'><strong><em>κεκλῃμένην</em></strong></span> 
     </span>
     <span class='ocr_line' id='line_1_5' title="bbox 856 1237 2148 1325; baseline -0.002 -20"><span class='ocrx_word' id='word_1_12' title='bbox 856 1243 994 1305; x_wconf 81' lang='grc' dir='ltr'><strong><em>εἴσω</em></strong></span> <span class='ocrx_word' id='word_1_13' title='bbox 1038 1241 1191 1325; x_wconf 79' lang='grc' dir='ltr'><strong><em>πρὸς</em></strong></span> <span class='ocrx_word' id='word_1_14' title='bbox 1236 1240 1394 1321; x_wconf 79' lang='grc' dir='ltr'><strong><em>ὑμᾶς</em></strong></span> <span class='ocrx_word' id='word_1_15' title='bbox 1441 1239 1663 1322; x_wconf 75' lang='grc' dir='ltr'><em>εἰσάγει</em></span> <span class='ocrx_word' id='word_1_16' title='bbox 1705 1237 1819 1319; x_wconf 76' lang='grc' dir='ltr'><strong>τὴν</strong></span> <span class='ocrx_word' id='word_1_17' title='bbox 1863 1240 2148 1321; x_wconf 56' lang='lat' dir='ltr'><strong>paeleum!</strong></span> 
     </span>
    </p>
   </div>
   <div class='ocr_carea' id='block_1_3' title="bbox 854 1408 2369 1601">
    <p class='ocr_par' dir='ltr' id='par_1_3' title="bbox 854 1408 2369 1601">
     <span class='ocr_line' id='line_1_6' title="bbox 1517 1408 1767 1468; baseline 0.004 -1"><span class='ocrx_word' id='word_1_18' title='bbox 1517 1408 1767 1468; x_wconf 85' lang='grc' dir='ltr'><em>ΔΑΟΣ.</em></span> 
     </span>
     <span class='ocr_line' id='line_1_7' title="bbox 854 1516 2369 1601; baseline 0 -17"><span class='ocrx_word' id='word_1_19' title='bbox 854 1516 1019 1585; x_wconf 75' lang='grc' dir='ltr'><strong><em>τοῦτ’</em></strong></span> <span class='ocrx_word' id='word_1_20' title='bbox 1073 1519 1196 1583; x_wconf 72' lang='grc' dir='ltr'><strong>ἐστὶ</strong></span> <span class='ocrx_word' id='word_1_21' title='bbox 1241 1520 1470 1601; x_wconf 70' lang='grc' dir='ltr'><strong><em>μήτηρῐ</em></strong></span> <span class='ocrx_word' id='word_1_22' title='bbox 1524 1555 1606 1566; x_wconf 90' lang='grc'>-</span> <span class='ocrx_word' id='word_1_23' title='bbox 1657 1517 1690 1581; x_wconf 81' lang='grc' dir='ltr'>ὁ</span> <span class='ocrx_word' id='word_1_24' title='bbox 1735 1520 2027 1601; x_wconf 80' lang='grc' dir='ltr'><strong><em>τρόφιμος</em></strong></span> <span class='ocrx_word' id='word_1_25' title='bbox 2073 1518 2369 1600; x_wconf 76' lang='grc' dir='ltr'><strong><em>ζητητέος.</em></strong></span> 
     </span>
    </p>
   </div>
   <div class='ocr_carea' id='block_1_4' title="bbox 415 1672 2336 1984">
    <p class='ocr_par' dir='ltr' id='par_1_4' title="bbox 415 1672 2336 1984">
     <span class='ocr_line' id='line_1_8' title="bbox 1499 1672 1775 1733; baseline -0.004 0"><span class='ocrx_word' id='word_1_26' title='bbox 1499 1672 1775 1733; x_wconf 75' lang='grc' dir='ltr'><strong>ΔΩΡῙΣ.</strong></span> 
     </span>
     <span class='ocr_line' id='line_1_9' title="bbox 415 1781 2336 1869; baseline -0.003 -16"><span class='ocrx_word' id='word_1_27' title='bbox 415 1791 500 1853; x_wconf 82' lang='grc'><strong>’75</strong></span> <span class='ocrx_word' id='word_1_28' title='bbox 857 1781 1107 1869; x_wconf 80' lang='grc' dir='ltr'><strong><em>πρόσαγ’</em></strong></span> <span class='ocrx_word' id='word_1_29' title='bbox 1158 1785 1340 1861; x_wconf 75' lang='grc' dir='ltr'>αὐτὸς</span> <span class='ocrx_word' id='word_1_30' title='bbox 1384 1785 1573 1848; x_wconf 74' lang='grc' dir='ltr'><strong><em>αὐτὸν</em></strong></span> <span class='ocrx_word' id='word_1_31' title='bbox 1617 1784 1727 1865; x_wconf 78' lang='grc' dir='ltr'><strong>τὴν</strong></span> <span class='ocrx_word' id='word_1_32' title='bbox 1771 1785 2051 1866; x_wconf 78' lang='grc' dir='ltr'><strong><em>ταχίστην</em></strong></span> <span class='ocrx_word' id='word_1_33' title='bbox 2095 1784 2336 1848; x_wconf 76' lang='grc' dir='ltr'><strong><em>ἐνθάδε·</em></strong></span> 
     </span>
     <span class='ocr_line' id='line_1_10' title="bbox 859 1895 2194 1984; baseline -0.001 -21"><span class='ocrx_word' id='word_1_34' title='bbox 859 1899 1143 1984; x_wconf 76' lang='grc' dir='ltr'><strong><em>εὔκαιρον</em></strong></span> <span class='ocrx_word' id='word_1_35' title='bbox 1187 1895 1345 1962; x_wconf 81' lang='grc' dir='ltr'><strong><em>εἶναι</em></strong></span> <span class='ocrx_word' id='word_1_36' title='bbox 1389 1895 1667 1979; x_wconf 78' lang='grc' dir='ltr'><strong><em>φαίνεθ’,</em></strong></span> <span class='ocrx_word' id='word_1_37' title='bbox 1710 1897 1792 1973; x_wconf 82' lang='grc' dir='ltr'><strong>ὡς</strong></span> <span class='ocrx_word' id='word_1_38' title='bbox 1837 1897 1969 1978; x_wconf 73' lang='grc' dir='ltr'><strong><em>ἐμοὶ</em></strong></span> <span class='ocrx_word' id='word_1_39' title='bbox 2013 1900 2194 1963; x_wconf 79' lang='grc' dir='ltr'><strong>δοκεῖ.</strong></span> 
     </span>
    </p>
   </div>
   <div class='ocr_carea' id='block_1_5' title="bbox 449 2010 2861 2078">
    <p class='ocr_par' dir='ltr' id='par_1_5' title="bbox 449 2010 2861 2078">
     <span class='ocr_line' id='line_1_11' title="bbox 449 2010 2861 2078; baseline 0 -16"><span class='ocrx_word' id='word_1_40' title='bbox 449 2015 651 2076; x_wconf 67' lang='lat' dir='ltr'><strong>(Davus</strong></span> <span class='ocrx_word' id='word_1_41' title='bbox 679 2016 732 2062; x_wconf 83' lang='lat' dir='ltr'><strong>in</strong></span> <span class='ocrx_word' id='word_1_42' title='bbox 749 2014 934 2063; x_wconf 81' lang='lat' dir='ltr'><strong>urbem</strong></span> <span class='ocrx_word' id='word_1_43' title='bbox 955 2015 1081 2072; x_wconf 76' lang='lat' dir='ltr'><strong>abit,</strong></span> <span class='ocrx_word' id='word_1_44' title='bbox 1099 2015 1375 2074; x_wconf 72' lang='lat' dir='ltr'><strong>Glyceram</strong></span> <span class='ocrx_word' id='word_1_45' title='bbox 1400 2010 1755 2071; x_wconf 79' lang='lat' dir='ltr'><strong>Dei-idemque</strong></span> <span class='ocrx_word' id='word_1_46' title='bbox 1779 2011 1835 2057; x_wconf 89' lang='lat' dir='ltr'><strong>in</strong></span> <span class='ocrx_word' id='word_1_47' title='bbox 1850 2012 2149 2071; x_wconf 72' lang='lat' dir='ltr'><strong>Myr-rhime</strong></span> <span class='ocrx_word' id='word_1_48' title='bbox 2167 2010 2323 2060; x_wconf 71' lang='lat' dir='ltr'><strong>aeden</strong></span> <span class='ocrx_word' id='word_1_49' title='bbox 2342 2011 2559 2061; x_wconf 77' lang='lat' dir='ltr'><strong>deducit</strong></span> <span class='ocrx_word' id='word_1_50' title='bbox 2587 2013 2781 2062; x_wconf 84' lang='lat' dir='ltr'><strong>ohoru</strong></span> <span class='ocrx_word' id='word_1_51' title='bbox 2794 2011 2861 2078; x_wconf 79' lang='lat' dir='ltr'><strong>e.)</strong></span> 
     </span>
    </p>
   </div>
   <div class='ocr_carea' id='block_1_6' title="bbox 436 2135 623 2143">
    <p class='ocr_par' dir='ltr' id='par_1_6' title="bbox 436 2135 623 2143">
     <span class='ocr_line' id='line_1_12' title="bbox 436 2135 623 2143; baseline 0 0"><span class='ocrx_word' id='word_1_52' title='bbox 436 2135 623 2143; x_wconf 95' lang='lat' dir='ltr'><strong> </strong></span> 
     </span>
    </p>
   </div>
   <div class='ocr_carea' id='block_1_7' title="bbox 369 2173 2861 2802">
    <p class='ocr_par' dir='ltr' id='par_1_7' title="bbox 369 2173 2861 2802">
     <span class='ocr_line' id='line_1_13' title="bbox 485 2173 2861 2240; baseline 0 -14"><span class='ocrx_word' id='word_1_53' title='bbox 485 2180 566 2226; x_wconf 74' lang='lat'><strong>72.</strong></span> <span class='ocrx_word' id='word_1_54' title='bbox 600 2177 896 2240; x_wconf 67' lang='grc' dir='ltr'><strong>*πάμπουἼ</strong></span> <span class='ocrx_word' id='word_1_55' title='bbox 930 2179 1156 2237; x_wconf 59' lang='grc' dir='ltr'><strong>σύμπνοιαν</strong></span> <span class='ocrx_word' id='word_1_56' title='bbox 1195 2178 1310 2226; x_wconf 79' lang='lat' dir='ltr'><strong>Lef.</strong></span> <span class='ocrx_word' id='word_1_57' title='bbox 1343 2190 1460 2225; x_wconf 85' lang='lat' dir='ltr'><strong>oum</strong></span> <span class='ocrx_word' id='word_1_58' title='bbox 1497 2177 1631 2234; x_wconf 86' lang='lat' dir='ltr'><strong>cod.;</strong></span> <span class='ocrx_word' id='word_1_59' title='bbox 1671 2177 1929 2237; x_wconf 70' lang='lat' dir='ltr'><strong>permixta</strong></span> <span class='ocrx_word' id='word_1_60' title='bbox 1960 2173 2207 2225; x_wconf 78' lang='lat' dir='ltr'><strong>videntur</strong></span> <span class='ocrx_word' id='word_1_61' title='bbox 2232 2180 2488 2236; x_wconf 73' lang='grc' dir='ltr'><strong>πάμπολλα</strong></span> <span class='ocrx_word' id='word_1_62' title='bbox 2514 2181 2571 2227; x_wconf 76' lang='lat' dir='ltr'><strong>et</strong></span> <span class='ocrx_word' id='word_1_63' title='bbox 2593 2183 2861 2240; x_wconf 66' lang='grc' dir='ltr'><strong>σύμπαντα.</strong></span> 
     </span>
     <span class='ocr_line' id='line_1_14' title="bbox 487 2252 1796 2320; baseline -0.002 -13"><span class='ocrx_word' id='word_1_64' title='bbox 487 2284 549 2294; x_wconf 89' lang='grc'>-</span> <span class='ocrx_word' id='word_1_65' title='bbox 584 2257 644 2307; x_wconf 73' lang='grc' dir='ltr'><strong>*κ</strong></span> <span class='ocrx_word' id='word_1_66' title='bbox 644 2259 838 2319; x_wconf 75' lang='grc' dir='ltr'><strong>οκλημ’ν</strong></span> <span class='ocrx_word' id='word_1_67' title='bbox 841 2257 982 2320; x_wconf 68' lang='lat' dir='ltr'><strong><em>qvae]</em></strong></span> <span class='ocrx_word' id='word_1_68' title='bbox 981 2259 1178 2320; x_wconf 67' lang='grc' dir='ltr'><strong>ονκτημὸ</strong></span> <span class='ocrx_word' id='word_1_69' title='bbox 1183 2277 1236 2319; x_wconf 73' lang='grc' dir='ltr'><strong>ην</strong></span> <span class='ocrx_word' id='word_1_70' title='bbox 1268 2259 1384 2310; x_wconf 76' lang='lat' dir='ltr'><strong>Les.</strong></span> <span class='ocrx_word' id='word_1_71' title='bbox 1421 2269 1539 2305; x_wconf 80' lang='lat' dir='ltr'><strong>oum</strong></span> <span class='ocrx_word' id='word_1_72' title='bbox 1578 2257 1692 2304; x_wconf 81' lang='lat' dir='ltr'><strong>eod.</strong></span> <span class='ocrx_word' id='word_1_73' title='bbox 1713 2252 1796 2320; x_wconf 81' lang='lat'><strong>(?).</strong></span> 
     </span>
     <span class='ocr_line' id='line_1_15' title="bbox 487 2335 2861 2398; baseline 0 -12"><span class='ocrx_word' id='word_1_74' title='bbox 487 2337 566 2386; x_wconf 79' lang='grc'><strong>73.</strong></span> <span class='ocrx_word' id='word_1_75' title='bbox 601 2337 743 2398; x_wconf 76' lang='grc' dir='ltr'><strong><em>ὑμᾶς]</em></strong></span> <span class='ocrx_word' id='word_1_76' title='bbox 789 2340 908 2398; x_wconf 74' lang='grc' dir='ltr'><strong>ἡμᾶς</strong></span> <span class='ocrx_word' id='word_1_77' title='bbox 949 2338 1057 2386; x_wconf 85' lang='lat' dir='ltr'><strong>Leo</strong></span> <span class='ocrx_word' id='word_1_78' title='bbox 1103 2337 1244 2396; x_wconf 89' lang='lat' dir='ltr'><strong>(ooll.</strong></span> <span class='ocrx_word' id='word_1_79' title='bbox 1293 2338 1414 2385; x_wconf 85' lang='lat' dir='ltr'><strong>Her.</strong></span> <span class='ocrx_word' id='word_1_80' title='bbox 1450 2337 1533 2393; x_wconf 79' lang='lat'><strong>2¹7,</strong></span> <span class='ocrx_word' id='word_1_81' title='bbox 1564 2336 1660 2384; x_wconf 83' lang='lat' dir='ltr'><strong>ubi</strong></span> <span class='ocrx_word' id='word_1_82' title='bbox 1693 2339 1804 2394; x_wconf 71' lang='grc' dir='ltr'><strong>ὑμῖν</strong></span> <span class='ocrx_word' id='word_1_83' title='bbox 1830 2337 2001 2396; x_wconf 79' lang='lat' dir='ltr'><strong>poeoit</strong></span> <span class='ocrx_word' id='word_1_84' title='bbox 2035 2349 2131 2396; x_wconf 84' lang='lat' dir='ltr'><strong>pro</strong></span> <span class='ocrx_word' id='word_1_85' title='bbox 2169 2336 2315 2397; x_wconf 68' lang='grc' dir='ltr'><strong>ἡμῖν).</strong></span> <span class='ocrx_word' id='word_1_86' title='bbox 2348 2335 2481 2386; x_wconf 75' lang='lat' dir='ltr'><strong>Davi</strong></span> <span class='ocrx_word' id='word_1_87' title='bbox 2515 2340 2561 2386; x_wconf 75' lang='lat' dir='ltr'><strong>ei</strong></span> <span class='ocrx_word' id='word_1_88' title='bbox 2594 2339 2700 2386; x_wconf 73' lang='lat' dir='ltr'><strong>sint</strong></span> <span class='ocrx_word' id='word_1_89' title='bbox 2732 2339 2861 2387; x_wconf 72' lang='lat' dir='ltr'><strong>haee</strong></span> 
     </span>
     <span class='ocr_line' id='line_1_16' title="bbox 418 2415 1186 2477; baseline 0 -12"><span class='ocrx_word' id='word_1_90' title='bbox 418 2418 595 2474; x_wconf 74' lang='lat' dir='ltr'><strong>verba,</strong></span> <span class='ocrx_word' id='word_1_91' title='bbox 628 2419 738 2467; x_wconf 86' lang='lat' dir='ltr'><strong>Leo</strong></span> <span class='ocrx_word' id='word_1_92' title='bbox 769 2417 1070 2477; x_wconf 73' lang='lat' dir='ltr'><strong>sequendus</strong></span> <span class='ocrx_word' id='word_1_93' title='bbox 1101 2415 1186 2466; x_wconf 80' lang='lat' dir='ltr'><strong>eit.</strong></span> 
     </span>
     <span class='ocr_line' id='line_1_17' title="bbox 487 2495 1588 2562; baseline -0.002 -16"><span class='ocrx_word' id='word_1_94' title='bbox 487 2497 568 2546; x_wconf 74' lang='lat'><strong>⁷5.</strong></span> <span class='ocrx_word' id='word_1_95' title='bbox 601 2498 804 2562; x_wconf 63' lang='lat' dir='ltr'><strong>npdooer</strong></span> <span class='ocrx_word' id='word_1_96' title='bbox 841 2497 983 2552; x_wconf 66' lang='grc' dir='ltr'><strong><em>αὐτὸς</em></strong></span> <span class='ocrx_word' id='word_1_97' title='bbox 1013 2495 1144 2560; x_wconf 77' lang='lat' dir='ltr'><strong>Leo]</strong></span> <span class='ocrx_word' id='word_1_98' title='bbox 1181 2532 1337 2545; x_wconf 87' lang='grc'><strong>.......</strong></span> <span class='ocrx_word' id='word_1_99' title='bbox 1348 2512 1404 2544; x_wconf 69' lang='grc' dir='ltr'><strong>το</strong></span> <span class='ocrx_word' id='word_1_100' title='bbox 1405 2513 1436 2544; x_wconf 86' lang='grc' dir='ltr'><strong>σ</strong></span> <span class='ocrx_word' id='word_1_101' title='bbox 1471 2496 1588 2545; x_wconf 80' lang='lat' dir='ltr'><strong>eod.</strong></span> 
     </span>
     <span class='ocr_line' id='line_1_18' title="bbox 486 2576 1596 2638; baseline -0.003 -13"><span class='ocrx_word' id='word_1_102' title='bbox 486 2603 546 2612; x_wconf 97' lang='lat'><strong>—</strong></span> <span class='ocrx_word' id='word_1_103' title='bbox 585 2577 666 2637; x_wconf 69' lang='grc' dir='ltr'><strong>τὴν</strong></span> <span class='ocrx_word' id='word_1_104' title='bbox 700 2581 931 2638; x_wconf 70' lang='grc' dir='ltr'><strong>ταχίστην</strong></span> <span class='ocrx_word' id='word_1_105' title='bbox 965 2576 1106 2637; x_wconf 74' lang='lat' dir='ltr'><strong>Les-J</strong></span> <span class='ocrx_word' id='word_1_106' title='bbox 1142 2593 1191 2623; x_wconf 72' lang='grc' dir='ltr'><strong>τ.</strong></span> <span class='ocrx_word' id='word_1_107' title='bbox 1231 2595 1331 2637; x_wconf 81' lang='grc' dir='ltr'><strong>..ιχ</strong></span> <span class='ocrx_word' id='word_1_108' title='bbox 1335 2593 1449 2637; x_wconf 74' lang='grc' dir='ltr'><strong>στην</strong></span> <span class='ocrx_word' id='word_1_109' title='bbox 1482 2576 1596 2623; x_wconf 80' lang='lat' dir='ltr'><strong>eod.</strong></span> 
     </span>
     <span class='ocr_line' id='line_1_19' title="bbox 369 2647 1318 2718; baseline -0.001 -14"><span class='ocrx_word' id='word_1_110' title='bbox 369 2647 386 2658; x_wconf 77' lang='lat'><em>⁰</em></span> <span class='ocrx_word' id='word_1_111' title='bbox 485 2681 551 2690; x_wconf 92' lang='lat'><strong>—</strong></span> <span class='ocrx_word' id='word_1_112' title='bbox 588 2659 636 2704; x_wconf 67' lang='lat' dir='ltr'><strong>lv</strong></span> <span class='ocrx_word' id='word_1_113' title='bbox 639 2657 778 2704; x_wconf 60' lang='lat'><strong><em>346·-</em></strong></span> <span class='ocrx_word' id='word_1_114' title='bbox 807 2656 1016 2718; x_wconf 78' lang='lat' dir='ltr'><strong>Leo]··</strong></span> <span class='ocrx_word' id='word_1_115' title='bbox 977 2675 1016 2704; x_wconf 80' lang='grc' dir='ltr'><strong>,ι</strong></span> <span class='ocrx_word' id='word_1_116' title='bbox 1019 2656 1169 2704; x_wconf 54' lang='lat' dir='ltr'><strong>*abaci</strong></span> <span class='ocrx_word' id='word_1_117' title='bbox 1204 2655 1318 2704; x_wconf 85' lang='lat' dir='ltr'><strong>ood.</strong></span> 
     </span>
     <span class='ocr_line' id='line_1_20' title="bbox 489 2732 2421 2802; baseline -0.001 -16"><span class='ocrx_word' id='word_1_118' title='bbox 489 2739 568 2785; x_wconf 80' lang='lat'>&#39;&#39;16-</span> <span class='ocrx_word' id='word_1_119' title='bbox 603 2737 683 2785; x_wconf 78' lang='grc' dir='ltr'><strong>ικῦ</strong></span> <span class='ocrx_word' id='word_1_120' title='bbox 655 2755 820 2802; x_wconf 62' lang='lat' dir='ltr'><strong>mapa</strong></span> <span class='ocrx_word' id='word_1_121' title='bbox 851 2736 984 2798; x_wconf 84' lang='lat' dir='ltr'><strong>Leo]</strong></span> <span class='ocrx_word' id='word_1_122' title='bbox 1020 2755 1080 2786; x_wconf 84' lang='grc' dir='ltr'><strong>συ</strong></span> <span class='ocrx_word' id='word_1_123' title='bbox 1092 2772 1197 2784; x_wconf 93' lang='grc'><strong>.....</strong></span> <span class='ocrx_word' id='word_1_124' title='bbox 1212 2756 1238 2783; x_wconf 74' lang='grc' dir='ltr'><strong><em>ν</em></strong></span> <span class='ocrx_word' id='word_1_125' title='bbox 1272 2737 1411 2795; x_wconf 87' lang='lat' dir='ltr'><strong>eod.;</strong></span> <span class='ocrx_word' id='word_1_126' title='bbox 1448 2736 1516 2785; x_wconf 78' lang='lat' dir='ltr'><strong>ef.</strong></span> <span class='ocrx_word' id='word_1_127' title='bbox 1550 2737 1614 2784; x_wconf 79' lang='lat' dir='ltr'><strong>fr.</strong></span> <span class='ocrx_word' id='word_1_128' title='bbox 1649 2734 1913 2783; x_wconf 74' lang='lat' dir='ltr'><strong>Iemetedt</strong></span> <span class='ocrx_word' id='word_1_129' title='bbox 1944 2732 2127 2799; x_wconf 68' lang='lat' dir='ltr'><strong>(supra</strong></span> <span class='ocrx_word' id='word_1_130' title='bbox 2160 2748 2281 2797; x_wconf 75' lang='lat' dir='ltr'><strong>pag.</strong></span> <span class='ocrx_word' id='word_1_131' title='bbox 2318 2733 2421 2799; x_wconf 80' lang='grc'><strong>17).</strong></span> 
     </span>
    </p>
   </div>
   <div class='ocr_carea' id='block_1_8' title="bbox 491 2828 1699 2892">
    <p class='ocr_par' dir='ltr' id='par_1_8' title="bbox 491 2828 1699 2892">
     <span class='ocr_line' id='line_1_21' title="bbox 491 2828 1699 2892; baseline -0.002 -14"><span class='ocrx_word' id='word_1_132' title='bbox 491 2855 550 2865; x_wconf 91' lang='grc'><strong>-</strong></span> <span class='ocrx_word' id='word_1_133' title='bbox 588 2828 715 2879; x_wconf 74' lang='lat' dir='ltr'><strong>Post</strong></span> <span class='ocrx_word' id='word_1_134' title='bbox 746 2833 886 2879; x_wconf 85' lang='lat' dir='ltr'><strong>huno</strong></span> <span class='ocrx_word' id='word_1_135' title='bbox 919 2842 1128 2879; x_wconf 77' lang='lat' dir='ltr'><strong>versum</strong></span> <span class='ocrx_word' id='word_1_136' title='bbox 1162 2831 1216 2877; x_wconf 88' lang='lat' dir='ltr'><strong>in</strong></span> <span class='ocrx_word' id='word_1_137' title='bbox 1251 2830 1366 2879; x_wconf 89' lang='lat' dir='ltr'><strong>ood.</strong></span> <span class='ocrx_word' id='word_1_138' title='bbox 1401 2834 1484 2877; x_wconf 80' lang='lat' dir='ltr'><strong>eet</strong></span> <span class='ocrx_word' id='word_1_139' title='bbox 1511 2847 1576 2890; x_wconf 82' lang='grc' dir='ltr'><strong>χο</strong></span> <span class='ocrx_word' id='word_1_140' title='bbox 1612 2846 1699 2892; x_wconf 83' lang='grc' dir='ltr'><strong>ρο</strong></span> 
     </span>
    </p>
   </div>
   <div class='ocr_carea' id='block_1_9' title="bbox 505 3007 2559 3081">
    <p class='ocr_par' dir='ltr' id='par_1_9' title="bbox 505 3007 2559 3081">
     <span class='ocr_line' id='line_1_22' title="bbox 505 3007 2559 3081; baseline 0 -15"><span class='ocrx_word' id='word_1_141' title='bbox 505 3010 759 3066; x_wconf 83' lang='grc'><strong>71-76.</strong></span> <span class='ocrx_word' id='word_1_142' title='bbox 801 3009 1109 3079; x_wconf 82' lang='lat' dir='ltr'><strong>Myrrhina</strong></span> <span class='ocrx_word' id='word_1_143' title='bbox 1149 3008 1474 3079; x_wconf 77' lang='lat' dir='ltr'>Glyceram</span> <span class='ocrx_word' id='word_1_144' title='bbox 1515 3009 1588 3064; x_wconf 86' lang='lat' dir='ltr'><strong>ad</strong></span> <span class='ocrx_word' id='word_1_145' title='bbox 1770 3009 1865 3066; x_wconf 86' lang='lat'><strong>72.</strong></span> <span class='ocrx_word' id='word_1_146' title='bbox 1909 3011 2217 3078; x_wconf 87' lang='grc' dir='ltr'>διαφόρως]</span> <span class='ocrx_word' id='word_1_147' title='bbox 2260 3012 2474 3081; x_wconf 74' lang='lat' dir='ltr'><strong>eqreyie</strong></span> <span class='ocrx_word' id='word_1_148' title='bbox 2496 3007 2559 3077; x_wconf 82' lang='grc'><strong>2).</strong></span> 
     </span>
    </p>
   </div>
   <div class='ocr_carea' id='block_1_10' title="bbox 419 3101 2865 3359">
    <p class='ocr_par' dir='ltr' id='par_1_10' title="bbox 419 3101 2865 3359">
     <span class='ocr_line' id='line_1_23' title="bbox 421 3101 2863 3183; baseline 0 -23"><span class='ocrx_word' id='word_1_149' title='bbox 421 3117 490 3160; x_wconf 78' lang='lat' dir='ltr'><strong>se</strong></span> <span class='ocrx_word' id='word_1_150' title='bbox 544 3101 810 3173; x_wconf 83' lang='lat' dir='ltr'><strong>vocavit,</strong></span> <span class='ocrx_word' id='word_1_151' title='bbox 853 3104 924 3157; x_wconf 92' lang='lat' dir='ltr'><strong>ut</strong></span> <span class='ocrx_word' id='word_1_152' title='bbox 964 3116 1016 3183; x_wconf 78' lang='lat' dir='ltr'><strong>a</strong></span> <span class='ocrx_word' id='word_1_153' title='bbox 1041 3101 1386 3159; x_wconf 84' lang='lat' dir='ltr'><strong>Polemonis</strong></span> <span class='ocrx_word' id='word_1_154' title='bbox 1426 3101 1589 3158; x_wconf 86' lang='lat' dir='ltr'><strong>iuve-</strong></span> <span class='ocrx_word' id='word_1_155' title='bbox 1771 3101 1865 3158; x_wconf 83' lang='lat'><strong>73.</strong></span> <span class='ocrx_word' id='word_1_156' title='bbox 1910 3104 2135 3171; x_wconf 86' lang='grc' dir='ltr'>εἰσάγει]</span> <span class='ocrx_word' id='word_1_157' title='bbox 2157 3102 2499 3160; x_wconf 81' lang='lat' dir='ltr'><strong>subiectum</strong></span> <span class='ocrx_word' id='word_1_158' title='bbox 2528 3106 2626 3161; x_wconf 86' lang='lat' dir='ltr'><strong>est</strong></span> <span class='ocrx_word' id='word_1_159' title='bbox 2650 3108 2721 3159; x_wconf 87' lang='grc' dir='ltr'><strong>τὰ</strong></span> <span class='ocrx_word' id='word_1_160' title='bbox 2750 3124 2863 3173; x_wconf 86' lang='grc' dir='ltr'>μει-</span> 
     </span>
     <span class='ocr_line' id='line_1_24' title="bbox 419 3193 1972 3265; baseline -0.003 -12"><span class='ocrx_word' id='word_1_161' title='bbox 419 3210 690 3265; x_wconf 84' lang='lat' dir='ltr'><strong>numque</strong></span> <span class='ocrx_word' id='word_1_162' title='bbox 763 3195 1244 3251; x_wconf 82' lang='lat' dir='ltr'><strong>temulentorum</strong></span> <span class='ocrx_word' id='word_1_163' title='bbox 1314 3194 1445 3250; x_wconf 85' lang='lat' dir='ltr'><strong>sive</strong></span> <span class='ocrx_word' id='word_1_164' title='bbox 1503 3193 1595 3250; x_wconf 86' lang='lat' dir='ltr'><strong>ira</strong></span> <span class='ocrx_word' id='word_1_165' title='bbox 1689 3198 1972 3262; x_wconf 78' lang='grc' dir='ltr'><strong>ρακύλλια..</strong></span> 
     </span>
     <span class='ocr_line' id='line_1_25' title="bbox 420 3286 2865 3359; baseline 0.001 -14"><span class='ocrx_word' id='word_1_166' title='bbox 420 3290 552 3346; x_wconf 83' lang='lat' dir='ltr'><strong>sive</strong></span> <span class='ocrx_word' id='word_1_167' title='bbox 605 3288 1006 3358; x_wconf 80' lang='lat' dir='ltr'><strong>protervitate</strong></span> <span class='ocrx_word' id='word_1_168' title='bbox 1049 3288 1398 3357; x_wconf 80' lang='lat' dir='ltr'><strong>protegeret</strong></span> <span class='ocrx_word' id='word_1_169' title='bbox 1437 3286 1593 3356; x_wconf 88' lang='lat' dir='ltr'><strong>puel·</strong></span> <span class='ocrx_word' id='word_1_170' title='bbox 1773 3287 1868 3343; x_wconf 85' lang='lat'><strong>74.</strong></span> <span class='ocrx_word' id='word_1_171' title='bbox 1922 3290 2085 3343; x_wconf 84' lang='grc' dir='ltr'><strong><em>τοῦτ’</em></strong></span> <span class='ocrx_word' id='word_1_172' title='bbox 2139 3290 2255 3343; x_wconf 79' lang='grc' dir='ltr'>ἐστὶ</span> <span class='ocrx_word' id='word_1_173' title='bbox 2313 3290 2495 3358; x_wconf 87' lang='grc' dir='ltr'>μήτηρ</span> <span class='ocrx_word' id='word_1_174' title='bbox 2512 3290 2551 3359; x_wconf 83' lang='lat' dir='ltr'><strong>l]</strong></span> <span class='ocrx_word' id='word_1_175' title='bbox 2600 3289 2739 3346; x_wconf 80' lang='lat' dir='ltr'><strong>haec</strong></span> <span class='ocrx_word' id='word_1_176' title='bbox 2779 3292 2865 3347; x_wconf 81' lang='lat' dir='ltr'><strong>de-</strong></span> 
     </span>
    </p>
   </div>
   <div class='ocr_carea' id='block_1_11' title="bbox 421 3378 2869 3730">
    <p class='ocr_par' dir='ltr' id='par_1_11' title="bbox 421 3378 2865 3632">
     <span class='ocr_line' id='line_1_26' title="bbox 421 3378 2864 3454; baseline 0.001 -16"><span class='ocrx_word' id='word_1_177' title='bbox 421 3383 574 3454; x_wconf 86' lang='lat' dir='ltr'><strong>lam,</strong></span> <span class='ocrx_word' id='word_1_178' title='bbox 651 3395 807 3451; x_wconf 79' lang='lat' dir='ltr'><strong>quae</strong></span> <span class='ocrx_word' id='word_1_179' title='bbox 867 3380 1230 3437; x_wconf 80' lang='lat' dir='ltr'><strong>Moschionis</strong></span> <span class='ocrx_word' id='word_1_180' title='bbox 1295 3379 1474 3450; x_wconf 85' lang='lat' dir='ltr'><strong>culpa</strong></span> <span class='ocrx_word' id='word_1_181' title='bbox 1531 3380 1592 3435; x_wconf 91' lang='lat' dir='ltr'><strong>in</strong></span> <span class='ocrx_word' id='word_1_182' title='bbox 1688 3396 1849 3435; x_wconf 82' lang='lat' dir='ltr'><strong>mum</strong></span> <span class='ocrx_word' id='word_1_183' title='bbox 1890 3396 2029 3436; x_wconf 85' lang='lat' dir='ltr'><strong>vera</strong></span> <span class='ocrx_word' id='word_1_184' title='bbox 2070 3384 2257 3437; x_wconf 82' lang='lat' dir='ltr'><strong>mater</strong></span> <span class='ocrx_word' id='word_1_185' title='bbox 2291 3378 2591 3439; x_wconf 81' lang='lat' dir='ltr'><strong>vocanda!</strong></span> <span class='ocrx_word' id='word_1_186' title='bbox 2611 3378 2657 3450; x_wconf 79' lang='lat'><strong>3)</strong></span> <span class='ocrx_word' id='word_1_187' title='bbox 2704 3384 2864 3441; x_wconf 89' lang='lat' dir='ltr'><strong>Item</strong></span> 
     </span>
     <span class='ocr_line' id='line_1_27' title="bbox 422 3472 2865 3545; baseline -0 -12"><span class='ocrx_word' id='word_1_188' title='bbox 422 3488 750 3533; x_wconf 81' lang='lat' dir='ltr'><strong>aerumnas</strong></span> <span class='ocrx_word' id='word_1_189' title='bbox 816 3473 1130 3529; x_wconf 78' lang='lat' dir='ltr'><strong>incidisset</strong></span> <span class='ocrx_word' id='word_1_190' title='bbox 1196 3472 1595 3529; x_wconf 80' lang='lat' dir='ltr'><strong>immeritissi·</strong></span> <span class='ocrx_word' id='word_1_191' title='bbox 1691 3472 1831 3528; x_wconf 85' lang='lat' dir='ltr'><strong>alibi</strong></span> <span class='ocrx_word' id='word_1_192' title='bbox 1885 3473 2042 3542; x_wconf 87' lang='lat' dir='ltr'><strong>apud</strong></span> <span class='ocrx_word' id='word_1_193' title='bbox 2086 3476 2403 3531; x_wconf 78' lang='lat' dir='ltr'><strong>nostrum:</strong></span> <span class='ocrx_word' id='word_1_194' title='bbox 2445 3478 2609 3531; x_wconf 78' lang='grc' dir='ltr'><strong><em>τοῦθ’</em></strong></span> <span class='ocrx_word' id='word_1_195' title='bbox 2649 3479 2865 3545; x_wconf 81' lang='grc' dir='ltr'>ἑταῖρός</span> 
     </span>
     <span class='ocr_line' id='line_1_28' title="bbox 423 3562 2165 3632; baseline -0.002 -7"><span class='ocrx_word' id='word_1_196' title='bbox 423 3583 578 3625; x_wconf 73' lang='lat' dir='ltr'><strong>maa.</strong></span> <span class='ocrx_word' id='word_1_197' title='bbox 616 3566 824 3623; x_wconf 79' lang='lat' dir='ltr'><strong>Davus</strong></span> <span class='ocrx_word' id='word_1_198' title='bbox 859 3580 1006 3623; x_wconf 86' lang='lat' dir='ltr'><strong>vero</strong></span> <span class='ocrx_word' id='word_1_199' title='bbox 1028 3596 1107 3606; x_wconf 92' lang='lat'>—</span> <span class='ocrx_word' id='word_1_200' title='bbox 1127 3564 1390 3622; x_wconf 79' lang='lat' dir='ltr'><strong>fortasse</strong></span> <span class='ocrx_word' id='word_1_201' title='bbox 1411 3565 1594 3622; x_wconf 88' lang='lat' dir='ltr'><strong>etiam</strong></span> <span class='ocrx_word' id='word_1_202' title='bbox 1693 3567 1844 3620; x_wconf 80' lang='grc' dir='ltr'>ἐστιν</span> <span class='ocrx_word' id='word_1_203' title='bbox 1888 3566 2096 3629; x_wconf 72' lang='grc' dir='ltr'><strong><em>ὄντωςῑ</em></strong></span> <span class='ocrx_word' id='word_1_204' title='bbox 2121 3562 2165 3632; x_wconf 80' lang='lat'><strong>4)</strong></span> 
     </span>
    </p>

    <p class='ocr_par' dir='ltr' id='par_1_12' title="bbox 423 3658 2869 3730">
     <span class='ocr_line' id='line_1_29' title="bbox 423 3658 2869 3730; baseline -0 -14"><span class='ocrx_word' id='word_1_205' title='bbox 423 3660 599 3717; x_wconf 84' lang='lat' dir='ltr'><strong>Doris</strong></span> <span class='ocrx_word' id='word_1_206' title='bbox 639 3690 720 3699; x_wconf 95' lang='lat'>—</span> <span class='ocrx_word' id='word_1_207' title='bbox 761 3660 940 3729; x_wconf 83' lang='lat' dir='ltr'><strong>putat</strong></span> <span class='ocrx_word' id='word_1_208' title='bbox 981 3658 1352 3728; x_wconf 82' lang='lat' dir='ltr'><strong>Myrrhinam</strong></span> <span class='ocrx_word' id='word_1_209' title='bbox 1387 3658 1595 3714; x_wconf 89' lang='lat' dir='ltr'><strong>heram</strong></span> <span class='ocrx_word' id='word_1_210' title='bbox 1773 3687 1855 3699; x_wconf 90' lang='lat'>—</span> <span class='ocrx_word' id='word_1_211' title='bbox 1913 3661 1945 3712; x_wconf 89' lang='grc' dir='ltr'>ὁ</span> <span class='ocrx_word' id='word_1_212' title='bbox 1999 3660 2294 3727; x_wconf 87' lang='grc' dir='ltr'><strong><em>τρόφιμος]</em></strong></span> <span class='ocrx_word' id='word_1_213' title='bbox 2350 3659 2651 3730; x_wconf 82' lang='lat' dir='ltr'><strong>Moschio,</strong></span> <span class='ocrx_word' id='word_1_214' title='bbox 2704 3662 2869 3729; x_wconf 74' lang='lat' dir='ltr'><strong>filius</strong></span> 
     </span>
    </p>
   </div>
   <div class='ocr_carea' id='block_1_12' title="bbox 426 3746 2867 4007">
    <p class='ocr_par' dir='ltr' id='par_1_13' title="bbox 426 3746 2867 4007">
     <span class='ocr_line' id='line_1_30' title="bbox 427 3746 2865 3823; baseline 0 -15"><span class='ocrx_word' id='word_1_215' title='bbox 427 3766 606 3808; x_wconf 78' lang='lat' dir='ltr'><strong>suam</strong></span> <span class='ocrx_word' id='word_1_216' title='bbox 645 3754 771 3808; x_wconf 88' lang='lat' dir='ltr'><strong>tam</strong></span> <span class='ocrx_word' id='word_1_217' title='bbox 798 3752 998 3809; x_wconf 88' lang='lat' dir='ltr'><strong>lenem</strong></span> <span class='ocrx_word' id='word_1_218' title='bbox 1028 3754 1212 3820; x_wconf 87' lang='lat' dir='ltr'><strong>atque</strong></span> <span class='ocrx_word' id='word_1_219' title='bbox 1239 3750 1596 3807; x_wconf 85' lang='lat' dir='ltr'><strong>benevolam</strong></span> <span class='ocrx_word' id='word_1_220' title='bbox 1691 3750 1890 3805; x_wconf 78' lang='lat' dir='ltr'><strong>herilis</strong></span> <span class='ocrx_word' id='word_1_221' title='bbox 1907 3746 1976 3820; x_wconf 81' lang='grc'><strong>5),</strong></span> <span class='ocrx_word' id='word_1_222' title='bbox 2000 3750 2131 3806; x_wconf 88' lang='lat' dir='ltr'><strong>heri</strong></span> <span class='ocrx_word' id='word_1_223' title='bbox 2154 3752 2396 3821; x_wconf 80' lang='lat' dir='ltr'><strong>vesperi</strong></span> <span class='ocrx_word' id='word_1_224' title='bbox 2416 3752 2687 3823; x_wconf 84' lang='lat' dir='ltr'><strong>aufugit,</strong></span> <span class='ocrx_word' id='word_1_225' title='bbox 2712 3753 2865 3809; x_wconf 88' lang='lat' dir='ltr'><strong>iram</strong></span> 
     </span>
     <span class='ocr_line' id='line_1_31' title="bbox 428 3842 2866 3914; baseline 0 -13"><span class='ocrx_word' id='word_1_226' title='bbox 428 3860 498 3901; x_wconf 82' lang='lat' dir='ltr'><strong>ee</strong></span> <span class='ocrx_word' id='word_1_227' title='bbox 549 3846 856 3914; x_wconf 78' lang='lat' dir='ltr'><strong>praestare</strong></span> <span class='ocrx_word' id='word_1_228' title='bbox 910 3858 1057 3913; x_wconf 85' lang='lat' dir='ltr'><strong>erga</strong></span> <span class='ocrx_word' id='word_1_229' title='bbox 1097 3843 1286 3899; x_wconf 86' lang='lat' dir='ltr'><strong>filium</strong></span> <span class='ocrx_word' id='word_1_230' title='bbox 1328 3844 1398 3899; x_wconf 90' lang='lat' dir='ltr'><strong>ut</strong></span> <span class='ocrx_word' id='word_1_231' title='bbox 1439 3842 1596 3913; x_wconf 89' lang='lat' dir='ltr'><strong>puel·</strong></span> <span class='ocrx_word' id='word_1_232' title='bbox 1691 3842 2035 3899; x_wconf 83' lang='lat' dir='ltr'><strong>Polemonis</strong></span> <span class='ocrx_word' id='word_1_233' title='bbox 2090 3872 2171 3883; x_wconf 96' lang='lat'>—</span> <span class='ocrx_word' id='word_1_234' title='bbox 2224 3844 2491 3901; x_wconf 79' lang='lat' dir='ltr'><strong>fortasse</strong></span> <span class='ocrx_word' id='word_1_235' title='bbox 2545 3848 2607 3902; x_wconf 91' lang='lat' dir='ltr'><strong>et</strong></span> <span class='ocrx_word' id='word_1_236' title='bbox 2648 3846 2866 3902; x_wconf 86' lang='lat' dir='ltr'><strong>matris</strong></span> 
     </span>
     <span class='ocr_line' id='line_1_32' title="bbox 426 3935 2867 4007; baseline 0 -14"><span class='ocrx_word' id='word_1_237' title='bbox 426 3938 548 3993; x_wconf 98' lang='lat' dir='ltr'><strong>lam</strong></span> <span class='ocrx_word' id='word_1_238' title='bbox 602 3937 658 3993; x_wconf 92' lang='lat' dir='ltr'><strong>ei</strong></span> <span class='ocrx_word' id='word_1_239' title='bbox 698 3937 976 3995; x_wconf 81' lang='lat' dir='ltr'><strong>dilectam</strong></span> <span class='ocrx_word' id='word_1_240' title='bbox 1018 3937 1180 3993; x_wconf 88' lang='lat' dir='ltr'><strong>ultro</strong></span> <span class='ocrx_word' id='word_1_241' title='bbox 1220 3935 1599 4004; x_wconf 81' lang='lat' dir='ltr'><strong>introducat,</strong></span> <span class='ocrx_word' id='word_1_242' title='bbox 1696 3966 1769 3975; x_wconf 86' lang='lat'><strong>—-</strong></span> <span class='ocrx_word' id='word_1_243' title='bbox 1815 3935 2082 4003; x_wconf 85' lang='lat' dir='ltr'><strong>veritus;</strong></span> <span class='ocrx_word' id='word_1_244' title='bbox 2127 3937 2191 3992; x_wconf 92' lang='lat' dir='ltr'><strong>at</strong></span> <span class='ocrx_word' id='word_1_245' title='bbox 2220 3951 2384 3995; x_wconf 86' lang='lat' dir='ltr'><strong>nuno</strong></span> <span class='ocrx_word' id='word_1_246' title='bbox 2413 3938 2867 4007; x_wconf 86' lang='lat' dir='ltr'><strong>quamprimum</strong></span> 
     </span>
    </p>
   </div>
   <div class='ocr_carea' id='block_1_13' title="bbox 427 4027 2869 4101">
    <p class='ocr_par' dir='ltr' id='par_1_14' title="bbox 427 4027 2869 4101">
     <span class='ocr_line' id='line_1_33' title="bbox 427 4027 2869 4101; baseline -0 -14"><span class='ocrx_word' id='word_1_247' title='bbox 427 4044 608 4099; x_wconf 89' lang='lat' dir='ltr'><strong>quam</strong></span> <span class='ocrx_word' id='word_1_248' title='bbox 663 4032 839 4087; x_wconf 82' lang='lat' dir='ltr'><strong>tutus</strong></span> <span class='ocrx_word' id='word_1_249' title='bbox 889 4045 926 4086; x_wconf 98' lang='lat' dir='ltr'><strong>a</strong></span> <span class='ocrx_word' id='word_1_250' title='bbox 965 4029 1311 4086; x_wconf 85' lang='lat' dir='ltr'><strong>truculento</strong></span> <span class='ocrx_word' id='word_1_251' title='bbox 1351 4028 1452 4085; x_wconf 92' lang='lat' dir='ltr'><strong>illo</strong></span> <span class='ocrx_word' id='word_1_252' title='bbox 1494 4027 1596 4084; x_wconf 90' lang='lat' dir='ltr'><strong>mi·</strong></span> <span class='ocrx_word' id='word_1_253' title='bbox 1694 4029 2129 4085; x_wconf 82' lang='lat' dir='ltr'><strong>arcessendum</strong></span> <span class='ocrx_word' id='word_1_254' title='bbox 2184 4043 2323 4086; x_wconf 84' lang='lat' dir='ltr'><strong>eum</strong></span> <span class='ocrx_word' id='word_1_255' title='bbox 2378 4033 2587 4087; x_wconf 78' lang='lat' dir='ltr'><strong>censet</strong></span> <span class='ocrx_word' id='word_1_256' title='bbox 2629 4030 2869 4101; x_wconf 70' lang='lat' dir='ltr'><strong>Dama,</strong></span> 
     </span>
    </p>
   </div>
   <div class='ocr_carea' id='block_1_14' title="bbox 425 4120 2871 4283">
    <p class='ocr_par' dir='ltr' id='par_1_15' title="bbox 425 4120 2871 4283">
     <span class='ocr_line' id='line_1_34' title="bbox 426 4120 2871 4191; baseline -0.001 -12"><span class='ocrx_word' id='word_1_257' title='bbox 426 4123 531 4181; x_wconf 89' lang='lat' dir='ltr'><strong>lite</strong></span> <span class='ocrx_word' id='word_1_258' title='bbox 605 4122 778 4179; x_wconf 83' lang='lat' dir='ltr'><strong>intus</strong></span> <span class='ocrx_word' id='word_1_259' title='bbox 854 4125 1040 4180; x_wconf 85' lang='lat' dir='ltr'><strong>amet.</strong></span> <span class='ocrx_word' id='word_1_260' title='bbox 1102 4124 1170 4178; x_wconf 90' lang='lat' dir='ltr'><strong>Id</strong></span> <span class='ocrx_word' id='word_1_261' title='bbox 1232 4122 1392 4190; x_wconf 85' lang='lat' dir='ltr'><strong>quod</strong></span> <span class='ocrx_word' id='word_1_262' title='bbox 1452 4135 1598 4178; x_wconf 85' lang='lat' dir='ltr'><strong>mox</strong></span> <span class='ocrx_word' id='word_1_263' title='bbox 1694 4120 1857 4177; x_wconf 90' lang='lat' dir='ltr'><strong>domi</strong></span> <span class='ocrx_word' id='word_1_264' title='bbox 1918 4120 2082 4177; x_wconf 90' lang='lat' dir='ltr'><strong>enim</strong></span> <span class='ocrx_word' id='word_1_265' title='bbox 2134 4121 2258 4177; x_wconf 88' lang='lat' dir='ltr'><strong>iam</strong></span> <span class='ocrx_word' id='word_1_266' title='bbox 2316 4123 2565 4191; x_wconf 84' lang='lat' dir='ltr'><strong>paratos</strong></span> <span class='ocrx_word' id='word_1_267' title='bbox 2620 4121 2676 4177; x_wconf 85' lang='lat' dir='ltr'><strong>ei</strong></span> <span class='ocrx_word' id='word_1_268' title='bbox 2732 4136 2871 4179; x_wconf 78' lang='lat' dir='ltr'><strong>esse</strong></span> 
     </span>
     <span class='ocr_line' id='line_1_35' title="bbox 425 4214 1957 4283; baseline -0.001 -12"><span class='ocrx_word' id='word_1_269' title='bbox 425 4216 585 4273; x_wconf 88' lang='lat' dir='ltr'><strong>haud</strong></span> <span class='ocrx_word' id='word_1_270' title='bbox 628 4214 941 4271; x_wconf 83' lang='lat' dir='ltr'><strong>difficulter</strong></span> <span class='ocrx_word' id='word_1_271' title='bbox 981 4214 1313 4271; x_wconf 79' lang='lat' dir='ltr'><strong>Moschioni</strong></span> <span class='ocrx_word' id='word_1_272' title='bbox 1354 4227 1600 4283; x_wconf 84' lang='lat' dir='ltr'><strong>persua·</strong></span> <span class='ocrx_word' id='word_1_273' title='bbox 1695 4228 1957 4272; x_wconf 76' lang='lat' dir='ltr'><strong>amores,</strong></span> 
     </span>
    </p>
   </div>
   <div class='ocr_carea' id='block_1_15' title="bbox 426 4305 2871 4469">
    <p class='ocr_par' dir='ltr' id='par_1_16' title="bbox 426 4305 2871 4469">
     <span class='ocr_line' id='line_1_36' title="bbox 426 4305 2871 4378; baseline -0.001 -15"><span class='ocrx_word' id='word_1_274' title='bbox 426 4308 528 4363; x_wconf 88' lang='lat' dir='ltr'><strong>det</strong></span> <span class='ocrx_word' id='word_1_275' title='bbox 566 4308 804 4378; x_wconf 70' lang='lat' dir='ltr'><strong>DavuS,</strong></span> <span class='ocrx_word' id='word_1_276' title='bbox 847 4308 1134 4377; x_wconf 86' lang='lat' dir='ltr'><strong>quoniam</strong></span> <span class='ocrx_word' id='word_1_277' title='bbox 1175 4308 1416 4363; x_wconf 83' lang='lat' dir='ltr'><strong>credere</strong></span> <span class='ocrx_word' id='word_1_278' title='bbox 1445 4305 1599 4362; x_wconf 83' lang='lat' dir='ltr'><strong>sole·</strong></span> <span class='ocrx_word' id='word_1_279' title='bbox 1777 4306 1873 4362; x_wconf 83' lang='lat'><strong>76.</strong></span> <span class='ocrx_word' id='word_1_280' title='bbox 1914 4305 2065 4362; x_wconf 83' lang='lat' dir='ltr'><strong>Post</strong></span> <span class='ocrx_word' id='word_1_281' title='bbox 2107 4306 2270 4363; x_wconf 85' lang='lat' dir='ltr'><strong>hunc</strong></span> <span class='ocrx_word' id='word_1_282' title='bbox 2313 4320 2561 4362; x_wconf 86' lang='lat' dir='ltr'><strong>versum</strong></span> <span class='ocrx_word' id='word_1_283' title='bbox 2597 4305 2667 4361; x_wconf 81' lang='lat' dir='ltr'><strong>fit</strong></span> <span class='ocrx_word' id='word_1_284' title='bbox 2701 4308 2871 4374; x_wconf 86' lang='grc' dir='ltr'><strong><em>πάρο-</em></strong></span> 
     </span>
     <span class='ocr_line' id='line_1_37' title="bbox 426 4395 2871 4469; baseline 0 -14"><span class='ocrx_word' id='word_1_285' title='bbox 426 4414 567 4456; x_wconf 84' lang='lat' dir='ltr'><strong>mus</strong></span> <span class='ocrx_word' id='word_1_286' title='bbox 608 4414 823 4457; x_wconf 82' lang='lat' dir='ltr'><strong>omnes</strong></span> <span class='ocrx_word' id='word_1_287' title='bbox 865 4414 1022 4469; x_wconf 77' lang='lat' dir='ltr'><strong>quae</strong></span> <span class='ocrx_word' id='word_1_288' title='bbox 1063 4401 1350 4469; x_wconf 79' lang='lat' dir='ltr'><strong>optamus</strong></span> <span class='ocrx_word' id='word_1_289' title='bbox 1375 4395 1438 4465; x_wconf 84' lang='lat'><strong>1).</strong></span> <span class='ocrx_word' id='word_1_290' title='bbox 1697 4402 1793 4463; x_wconf 88' lang='grc' dir='ltr'><strong>δος</strong></span> <span class='ocrx_word' id='word_1_291' title='bbox 1856 4402 2178 4465; x_wconf 86' lang='grc' dir='ltr'><strong><em>μεθυόντων</em></strong></span> <span class='ocrx_word' id='word_1_292' title='bbox 2242 4400 2555 4467; x_wconf 79' lang='grc' dir='ltr'>μειρακίων,</span> <span class='ocrx_word' id='word_1_293' title='bbox 2631 4400 2871 4468; x_wconf 74' lang='lat' dir='ltr'><strong>quibus-</strong></span> 
     </span>
    </p>
   </div>
   <div class='ocr_carea' id='block_1_16' title="bbox 437 4544 862 4553">
    <p class='ocr_par' dir='ltr' id='par_1_17' title="bbox 437 4544 862 4553">
     <span class='ocr_line' id='line_1_38' title="bbox 437 4544 862 4553; baseline 0 863"><span class='ocrx_word' id='word_1_294' title='bbox 437 4544 862 4553; x_wconf 95' lang='lat' dir='ltr'><strong> </strong></span> 
     </span>
    </p>
   </div>
   <div class='ocr_carea' id='block_1_17' title="bbox 427 4622 2878 4759">
    <p class='ocr_par' dir='ltr' id='par_1_18' title="bbox 427 4622 2878 4759">
     <span class='ocr_line' id='line_1_39' title="bbox 497 4622 2878 4688; baseline -0.001 -12"><span class='ocrx_word' id='word_1_295' title='bbox 497 4622 538 4686; x_wconf 87' lang='grc' dir='ltr'><strong>ι)</strong></span> <span class='ocrx_word' id='word_1_296' title='bbox 573 4627 650 4676; x_wconf 77' lang='lat' dir='ltr'><strong>Of.</strong></span> <span class='ocrx_word' id='word_1_297' title='bbox 679 4640 754 4675; x_wconf 79' lang='lat' dir='ltr'><strong>ve.</strong></span> <span class='ocrx_word' id='word_1_298' title='bbox 787 4629 900 4674; x_wconf 80' lang='lat'>141.</span> <span class='ocrx_word' id='word_1_299' title='bbox 929 4652 996 4662; x_wconf 93' lang='lat'><em>-</em></span> <span class='ocrx_word' id='word_1_300' title='bbox 1024 4622 1066 4686; x_wconf 82' lang='lat'><strong>¹)</strong></span> <span class='ocrx_word' id='word_1_301' title='bbox 1101 4626 1180 4675; x_wconf 75' lang='lat' dir='ltr'><strong>Os.</strong></span> <span class='ocrx_word' id='word_1_302' title='bbox 1215 4627 1355 4673; x_wconf 74' lang='lat' dir='ltr'><strong>Dino.</strong></span> <span class='ocrx_word' id='word_1_303' title='bbox 1385 4628 1501 4674; x_wconf 82' lang='grc'><strong>338.</strong></span> <span class='ocrx_word' id='word_1_304' title='bbox 1530 4651 1592 4661; x_wconf 90' lang='grc'>-</span> <span class='ocrx_word' id='word_1_305' title='bbox 1624 4622 1665 4685; x_wconf 79' lang='lat'><strong>³)</strong></span> <span class='ocrx_word' id='word_1_306' title='bbox 1703 4626 1837 4674; x_wconf 77' lang='lat' dir='ltr'><strong>Item</strong></span> <span class='ocrx_word' id='word_1_307' title='bbox 1870 4638 1991 4673; x_wconf 74' lang='lat' dir='ltr'><strong>non:</strong></span> <span class='ocrx_word' id='word_1_308' title='bbox 2027 4624 2116 4673; x_wconf 73' lang='lat' dir='ltr'><strong>dat</strong></span> <span class='ocrx_word' id='word_1_309' title='bbox 2140 4625 2185 4672; x_wconf 76' lang='lat' dir='ltr'><strong>ie</strong></span> <span class='ocrx_word' id='word_1_310' title='bbox 2212 4640 2303 4688; x_wconf 64' lang='grc' dir='ltr'><strong>ηομ</strong></span> <span class='ocrx_word' id='word_1_311' title='bbox 2332 4639 2442 4673; x_wconf 75' lang='lat' dir='ltr'><strong>eene</strong></span> <span class='ocrx_word' id='word_1_312' title='bbox 2466 4640 2549 4672; x_wconf 77' lang='lat' dir='ltr'><strong>een</strong></span> <span class='ocrx_word' id='word_1_313' title='bbox 2576 4624 2793 4673; x_wconf 78' lang='lat' dir='ltr'><strong>moeder!</strong></span> <span class='ocrx_word' id='word_1_314' title='bbox 2810 4651 2878 4660; x_wconf 97' lang='lat'><strong>—</strong></span> 
     </span>
     <span class='ocr_line' id='line_1_40' title="bbox 427 4690 1365 4759; baseline -0.001 -18"><span class='ocrx_word' id='word_1_315' title='bbox 427 4690 469 4755; x_wconf 87' lang='lat'><strong>⁴)</strong></span> <span class='ocrx_word' id='word_1_316' title='bbox 503 4694 587 4742; x_wconf 78' lang='lat' dir='ltr'><strong>Fr.</strong></span> <span class='ocrx_word' id='word_1_317' title='bbox 625 4696 740 4743; x_wconf 79' lang='grc'><strong>867.</strong></span> <span class='ocrx_word' id='word_1_318' title='bbox 779 4720 839 4729; x_wconf 93' lang='grc'>-</span> <span class='ocrx_word' id='word_1_319' title='bbox 877 4691 922 4759; x_wconf 76' lang='lat'><strong>⁶)</strong></span> <span class='ocrx_word' id='word_1_320' title='bbox 956 4692 1034 4742; x_wconf 76' lang='lat' dir='ltr'><strong>cf.</strong></span> <span class='ocrx_word' id='word_1_321' title='bbox 1069 4692 1210 4742; x_wconf 68' lang='lat' dir='ltr'><strong>Dino.</strong></span> <span class='ocrx_word' id='word_1_322' title='bbox 1250 4695 1365 4742; x_wconf 79' lang='lat'><strong>160.</strong></span> 
     </span>
    </p>
   </div>
  </div>
 </body>
</html>
