3519 5416
1383 629 1859 677 officum-roualt.
2766 614 2837 674 8]

848 799 1135 866 τάνταῦθῗ
1188 801 1424 890 ἀκούσῃ
1470 796 1798 884 γιγνόμεν’,
1838 799 2187 880 ἔκπέπομφέ
2231 822 2303 880 με

848 916 1089 998 ἱμάτιον
1134 913 1348 980 οἴσοντ’
1404 915 1775 997 ἐξεπίτηδες,
1818 913 1965 978 οὐδὲ
2001 915 2076 976 ἲν

407 1037 494 1098 60
852 1032 1137 1112 δεόμενος
1183 1025 1304 1093 ἄλλ’
1353 1027 1395 1111 ἢ
1439 1035 1791 1112 περιπατεῖν
1835 1052 1909 1109 με
1952 1029 2248 1110 βούλεται.

654 1142 860 1204 (Prodit
891 1145 1082 1192 Doris
1117 1157 1181 1191 ex
1213 1141 1436 1192 aedibus
1467 1143 1521 1190 in
1557 1142 1752 1204 quibus
1785 1142 2009 1201 Glycera
2041 1155 2181 1190 nune
2211 1143 2607 1202 commoratur.)

1282 1321 1568 1379 sumu
1609 1320 1995 1386 QUABTA.

1299 1455 1630 1533 sosias,
1694 1453 1748 1514 D
1769 1455 1959 1517 oris.

1495 1594 1770 1652 ΔΩΡΙΣ.

1120 1681 1322 1743 (heram
1357 1693 1460 1728 non
1493 1679 1838 1742 prodeuntem
1869 1679 2147 1746 allocutaz)

856 1767 969 1857 ὃγὼ
1015 1769 1376 1858 προσεστῶέ
1427 1772 1682 1854 ὄψομαι,
1721 1773 2073 1855 κεκτημένη.

1454 1913 1808 1974 ΣΩΣΙΑΣ.

855 1997 895 2082 ἡ
946 2003 1170 2084 Δωρίςῐ
1221 2003 1320 2066 οἵα
1364 2001 1640 2084 γέγονεν,
1685 2001 1765 2077 ὡς
1812 1998 1868 2063 δ’
1920 2000 2257 2084 ἕρρωμένηῐ

859 2118 1038 2190 ζῶσιν
1081 2117 1307 2197 τρόπον
1349 2113 1486 2197 τιν’,
1525 2115 1606 2190 ὡς
1653 2115 1785 2195 ἐμοὶ
1828 2118 2287 2198 καταφαίνεται,

860 2223 1057 2292 αὗται.
1101 2232 1472 2314 πορεύσομαι
1519 2229 1602 2292 δέ.

1502 2338 1772 2406 (Secedit.)

483 2473 566 2521 58.
600 2475 781 2536 ἀκούσῃ
815 2473 956 2535 Len]
993 2492 1170 2534 ακο..η
1204 2472 1320 2523 οοᾶ.

483 2553 562 2600 50.
597 2554 766 2600 oloon'
804 2553 942 2614 1:012]
976 2553 1172 2601 onor?
1209 2551 1322 2600 cod.

483 2633 564 2680 61.
600 2633 890 2697 προσιστῶθ
929 2632 1068 2693 Lot]
1102 2647 1241 2696 προσ.
1275 2632 1401 2679 στ..’
1442 2631 1556 2679 eod.

482 2710 544 2759 68
582 2725 660 2773 sq.
695 2714 799 2767 τιν’,
833 2717 887 2762 et
920 2710 1060 2761 αὗται
1093 2706 1264 2777 vwil.]
1301 2712 1416 2769 τως
1452 2715 1506 2760 et
1538 2714 1680 2759 αὐταί
1709 2711 1825 2760 Les.

484 2794 564 2840 64.
595 2794 720 2841 Post
751 2793 803 2841 δι’
833 2794 1189 2854 interrogandi
1223 2793 1432 2853 signum
1466 2794 1678 2854 scripsit
1709 2794 1851 2850 Lef.;
1889 2807 2021 2841 corr.
2055 2792 2207 2843 vWil.

498 2911 594 2971 58.
667 2913 974 2980 τάνταῦθα]
1050 2912 1112 2966 in
1172 2911 1422 2968 aedibus
1485 2910 1585 2967 ubi
1677 2910 2111 2981 intellegimus.
2154 2913 2225 2967 In
2261 2881 2481 2996 b—ellum
2519 2914 2678 2970 enim
2714 2929 2851 2970 curn

417 3003 670 3074 Glycera
727 3005 842 3061 est.
905 3004 1068 3073 Quae
1131 3003 1305 3060 cuius
1359 3003 1587 3060 fuerint

415 3096 723 3153 nescimus
746 3093 810 3163 1).

496 3190 591 3247 59.
631 3190 1116 3245 Paludamentum
1136 3184 1182 3258 ²)
1205 3192 1451 3261 portare
1480 3188 1584 3245 Po·

411 3282 571 3339 lemo
609 3281 904 3339 famulum
945 3282 1128 3338 iussit
1168 3282 1420 3338 consulto
1442 3278 1505 3348 3).

493 3404 576 3414 -
631 3377 762 3430 οὐδὲ
804 3376 884 3442 ἓν]
927 3374 1213 3443 frequens
1251 3375 1412 3444 apud
1453 3389 1587 3430 nos·

415 3469 579 3525 trum
618 3467 812 3525 forma
845 3464 908 3533 4).

498 3560 572 3615 61
615 3562 678 3616 et
720 3560 816 3618 67.
860 3560 1192 3629 κεκτημένη]
1234 3559 1376 3615 hera
1409 3556 1475 3627 5).
1515 3593 1586 3604 —

418 3650 596 3707 Dolet
655 3650 910 3722 Glycera
965 3652 1126 3708 vitae
1180 3651 1589 3709 condicionem

419 3744 752 3815 mutatam,
821 3746 892 3801 ut
951 3744 1203 3814 Chrysis
1261 3745 1324 3801 in
1387 3744 1590 3803 Samia

420 3836 717 3907 dramate,
761 3837 826 3892 et
862 3840 1118 3909 amator,
1160 3852 1338 3907 quem
1381 3838 1585 3895 etiam-

419 3942 581 3984 nunc
620 3927 841 4000 diligit,
881 3932 1021 3999 quid
1048 3932 1194 4000 agat
1221 3929 1373 3988 scire
1401 3930 1587 4001 cupit,

421 4022 487 4077 ut
517 4020 614 4078 ille
643 4022 783 4090 quid
812 4021 964 4092 ipsa.
995 4023 1227 4092 Nempe
1248 4022 1586 4079 amantium

415 4112 543 4169 irae
585 4113 808 4169 amoris
848 4114 1195 4183 integratio,

496 4206 594 4262 62.
646 4206 888 4261 Dudum
928 4209 1003 4263 ab
1045 4208 1158 4265 hoc
1196 4207 1423 4265 famulo
1463 4222 1586 4263 non

415 4300 764 4367 adspectam
806 4314 945 4356 esse
987 4300 1270 4359 Doridem
1312 4300 1584 4357 ancillam

1682 3002 2006 3061 Polemone
2060 3005 2363 3074 profectus
2418 3004 2854 3075 aliquantisper

1682 3095 1946 3152 Athenis
2004 3110 2126 3153 non
2188 3097 2377 3154 adfuit
2397 3094 2460 3162 7).
2522 3098 2716 3155 Breve
2780 3128 2851 3139 —

1685 3188 1869 3245 unius
1911 3178 2141 3261 noctis,
2184 3191 2253 3245 ul:
2295 3190 2527 3262 opinor,
2569 3222 2637 3230 —
2675 3191 2857 3247 inter·

1685 3281 1939 3352 vallum,
1975 3283 2133 3351 quod
2161 3283 2320 3339 inter
2341 3282 2630 3352 Glycerae
2650 3282 2856 3352 fugam

1683 3376 1746 3430 et
1805 3373 2044 3431 fabulae
2103 3376 2419 3432 exordium
2478 3375 2860 3448 intercessit,

1685 3466 1805 3522 huc
1844 3481 1965 3522 non
2018 3466 2176 3523 facit.

1767 3558 1863 3614 63.
1920 3560 2132 3626 τρόπον
2185 3562 2331 3629 τινά]
2374 3562 2457 3616 sic
2498 3561 2645 3616 satis
2688 3562 2853 3627 bene,

1682 3651 1887 3707 iocosa
1923 3650 2165 3720 litotes,
2209 3666 2353 3707 nam
2396 3655 2605 3724 optime
2638 3668 2742 3709 eas
2781 3654 2859 3707 vi-

1685 3758 1826 3800 vere
1860 3744 1922 3799 et
1954 3742 2155 3799 valere
2189 3744 2380 3800 dicere
2414 3747 2547 3801 vult
2574 3744 2858 3801 famuluS.

1685 3834 1911 3892 Similis
1952 3836 2050 3891 est
2090 3836 2255 3892 vocis
2280 3838 2495 3905 τρόπου
2523 3852 2677 3893 usus
2705 3837 2861 3893 inira

1684 3928 1746 3984 in
1802 3927 2107 3984 locutione
2162 3932 2229 3983 οὐ
2284 3932 2426 3984 κατὰ
2479 3931 2691 3997 τρόπον
2744 3945 2859 3985 non

1688 4022 1771 4076 ita
1830 4022 1893 4075 ut
1952 4024 2171 4091 oportet
2192 4016 2270 4093 8),
2327 4036 2439 4077 nec
2492 4036 2615 4077 non
2670 4022 2859 4078 confe-

1685 4114 1875 4169 renda
1925 4115 2078 4169 sunt
2124 4114 2273 4170 Davi
2312 4114 2375 4170 in
2418 4112 2617 4169 Heroe
2659 4114 2863 4169 fabula

1687 4207 1898 4262 verba:
1946 4208 2127 4270 οὕτως
2166 4211 2381 4278 ἡσυχῇ,
2410 4209 2621 4275 τρόπον
2648 4209 2773 4262 τινά
2794 4204 2857 4273 9).

1764 4300 1861 4355 64.
1916 4301 2282 4368 πορεύσομαι]
2337 4300 2624 4369 secedam,
2668 4300 2859 4370 prori-

416 4373 667 4447 vi'xdum
707 4391 978 4448 adultam
1009 4388 1054 4458 ⁶)
1095 4408 1173 4449 ex
1213 4392 1346 4449 eius
1388 4392 1587 4448 verbis
1677 4394 1847 4462 piam
1888 4408 1975 4447 me
1998 4380 2087 4457 1ο).

483 4564 524 4627 ¹)
557 4569 636 4617 Of.
683 4582 802 4630 pag.
854 4570 936 4627 74,
973 4572 1018 4617 1.
1067 4594 1128 4606 —
1176 4565 1221 4629 ¹)
1268 4570 1346 4618 Of.
1395 4583 1470 4618 vs.
1523 4571 1617 4617 164
1665 4572 1719 4616 et
1763 4570 1901 4617 Sam.
1950 4570 2064 4616 314.
2113 4594 2173 4603 —
2219 4564 2273 4632 ’,3)
2322 4565 2398 4615 Cf.
2446 4566 2588 4617 Diae.
2635 4570 2750 4617 828.
2795 4593 2861 4604 —

417 4628 460 4696 ⁴)
497 4632 574 4684 Cf.
620 4637 759 4684 Diae.
806 4639 888 4685 69.
930 4662 996 4671 —
1042 4634 1087 4696 ι)
1120 4635 1198 4685 Cf.
1241 4638 1364 4685 Her.
1401 4638 1482 4685 37.
1521 4662 1584 4671 —
1619 4632 1661 4696 ⁶)
1695 4636 1767 4684 Ut
1800 4634 2024 4683 Charisii
2055 4649 2277 4696 puerum
2314 4636 2686 4696 pedissequum
2721 4638 2861 4685 Diec.

417 4701 532 4750 25⁶.
579 4728 642 4739 -
678 4702 719 4767 ⁷)
751 4704 830 4753 of.
865 4717 940 4752 vs.
980 4705 1094 4753 170.
1130 4728 1192 4741 —-
1229 4700 1274 4769 ⁸)
1309 4702 1394 4751 Vs.
1433 4706 1530 4752 229
1567 4718 1645 4763 sq.
1684 4728 1745 4740 --
1782 4699 1827 4765 ⁹)
1861 4704 1986 4751 Her.
2016 4704 2097 4752 20.
2134 4729 2196 4739 —
2231 4700 2291 4766 ¹⁰)
2328 4702 2407 4751 Cf.
2440 4704 2580 4752 Diso.
2618 4706 2733 4754 878.

2548 4780 2566 4805 Ι

521 4800 809 4838 muln!-

2619 4791 2649 4835 6
