3519 5416
1540 600 1779 646 Ennea.
2842 586 2881 644 3

520 775 810 851 Planyon
855 774 1046 849 virgo
1093 774 1328 835 vitiata
1378 788 1507 834 non
1555 775 2121 834 commemoratur
2166 773 2340 833 inter
2386 772 2709 833 dramatis
2747 789 2882 848 per-

429 906 658 964 sonas;
707 904 838 950 non
886 888 1132 964 prodiit
1177 888 1376 963 igitur
1427 888 1493 948 in
1530 903 1826 949 scenam.
1869 887 1975 947 Sic
2014 887 2081 947 in
2121 887 2413 947 Terentii
2451 887 2704 947 Andria
2740 887 2885 962 Gly-

432 1005 712 1080 cerium,
755 1004 824 1062 in
864 1003 1184 1078 Adelphis
1220 1002 1597 1078 Pamphila,
1638 1002 1703 1062 in
1737 1001 2001 1075 Hecyra
2022 1001 2419 1061 Philumena
2441 1003 2592 1077 post
2614 1017 2885 1063 scenam

430 1119 671 1179 latitat.
711 1118 934 1190 Neque
974 1116 1169 1178 aliter
1207 1131 1281 1176 se
1318 1116 1633 1176 habuisse
1671 1131 1813 1176 rem
1852 1116 1919 1176 in
1961 1099 2300 1176 Menandri
2322 1113 2886 1192 DisceptantibuS,

431 1233 520 1293 ibi
579 1231 783 1306 igitur
843 1230 1295 1306 Pamphilam,
1350 1230 1509 1290 licet
1556 1245 1672 1305 per
1719 1229 2045 1304 temporis
2092 1227 2291 1289 breve
2340 1229 2637 1306 spatium
2684 1230 2888 1290 fuerit

431 1347 770 1422 adspecta,
816 1347 1042 1421 partes
1090 1345 1308 1419 egisse
1355 1344 1608 1420 nullas,
1644 1344 1817 1404 item
1850 1344 1918 1404 in
1954 1343 2186 1403 Samia
2218 1343 2443 1404 fabula
2477 1342 2880 1419 Plangonem

433 1461 758 1536 virginem
808 1460 1146 1536 vitiatam,
1195 1460 1464 1519 nostrae
1511 1457 2009 1534 cognominem,
2058 1456 2188 1519 fert
2236 1457 2425 1518 ratio.

519 1689 694 1749 Rure
741 1689 809 1748 in
856 1687 1118 1748 Atticae
1165 1702 1335 1762 pago
1383 1686 1611 1747 Ptelea
1656 1685 1884 1746 fabula
1927 1686 2034 1760 agi
2073 1684 2345 1760 fingitur
2388 1689 2542 1747 ante
2582 1686 2889 1748 Lachetis

435 1805 502 1863 et
548 1801 819 1863 Phidiae
865 1804 1010 1872 (aut
1054 1802 1252 1862 huius
1297 1801 1510 1876 patris
1557 1800 1746 1862 nobis
1795 1800 2025 1874 ignoti)
2076 1801 2275 1861 aedes
2322 1800 2450 1860 sibi
2498 1800 2773 1861 vicinas.

526 1915 688 1977 Davi
733 1918 804 1977 et
853 1913 1038 1977 Getae
1084 1914 1360 1976 nomina
1395 1917 1538 1975 tam
1576 1915 1740 1974 sunt
1778 1914 2049 1988 vulgata
2086 1914 2154 1974 in
2191 1913 2433 1975 fabulis
2476 1915 2888 1976 Menandreis

434 2045 632 2105 quam
682 2031 912 2092 Sosiae
957 2034 1024 2091 et
1069 2029 1406 2091 Xanthiae
1453 2029 1519 2090 in
1560 2029 2074 2104 Aristophaneis
2112 2029 2383 2092 fuerunt
2419 2029 2577 2089 olim
2609 2025 2673 2100 ¹).
2717 2029 2885 2090 Item

437 2146 503 2206 in
551 2145 818 2205 exordio
864 2144 1286 2205 Phormionis
1331 2143 1626 2204 Terentii
1672 2141 1939 2203 fabulae
1988 2177 2066 2188 -
2116 2157 2312 2216 quam
2364 2143 2888 2217 ert-Apollodoro

438 2258 636 2319 habet
683 2257 794 2319 ille
845 2291 925 2302 -
975 2257 1490 2320 confabulantur
1534 2256 1762 2317 Davus
1810 2258 1877 2317 et
1921 2255 2105 2316 Geta.

532 2692 819 2754 Fabulae
880 2693 1073 2754 initio
1135 2693 1263 2755 duo
1317 2693 1679 2771 mancipia,
1730 2693 1898 2761 Geta
1943 2693 2217 2757 Phidiae
2264 2710 2502 2757 servus
2549 2697 2619 2756 et
2662 2692 2915 2756 Davus*

443 2809 775 2885 Lachetis,
826 2809 1000 2870 inter
1039 2824 1113 2869 se
1149 2809 1629 2870 confabulando
1667 2809 2157 2884 spectatoribus
2196 2812 2509 2871 enarrant
2546 2826 2889 2885 argumen-

446 2927 621 2997 tum;
684 2924 927 2985 collato
987 2926 1215 2984 autem
1279 2926 1668 2998 argumento
1732 2924 2010 2985 metrico
2073 2926 2138 2984 et
2201 2925 2414 2985 indice
2459 2939 2888 2999 personarum

445 3037 894 3112 intellegimus
939 3052 1081 3097 rem
1130 3036 1226 3097 ita
1272 3051 1344 3097 se
1392 3036 1661 3098 habere:

539 3152 874 3226 Myrrhina
920 3166 1072 3211 cum
1113 3150 1273 3211 olim
1319 3184 1397 3194 —-
1438 3153 1596 3211 ante
1636 3166 1848 3213 annos
1886 3153 2023 3213 fere
2060 3152 2513 3227 duodeviginti
2555 3186 2635 3195 —
2677 3151 2895 3227 puella

450 3280 490 3325 a
551 3265 840 3326 Lachete
903 3267 1189 3338 quodam
1258 3268 1438 3326 esset
1489 3264 1754 3342 vitiata,
1806 3266 2130 3341 gemellos
2177 3267 2579 3342 Plangonem
2630 3271 2696 3327 et
2745 3267 2895 3328 Gor·

451 3380 631 3455 giam
693 3379 864 3440 clam
925 3380 1130 3440 enixa
1190 3381 1315 3440 est.
1367 3379 1489 3456 Qui
1537 3380 1722 3441 Tibio
1771 3380 2026 3457 villic0,
2079 3396 2271 3442 servo
2318 3384 2465 3441 tum
2506 3380 2621 3441 sed
2669 3384 2899 3457 postea

449 3493 759 3569 liberato,
822 3494 982 3554 sunt
1042 3493 1302 3569 traditi,
1364 3493 1508 3553 sive
1569 3508 1685 3570 per
1742 3494 2026 3555 nutricis
2082 3494 2533 3556 ministerium
2580 3495 2724 3555 sive
2771 3494 2902 3555 alia

456 3606 738 3683 ratione,
802 3607 918 3667 sed
981 3607 1078 3667 ita
1121 3608 1350 3682 utique
1397 3609 1474 3667 ut
1519 3608 1587 3668 et
1632 3608 1973 3682 Myrrhina
2018 3609 2353 3683 ignoraret
2397 3609 2551 3682 quid
2600 3610 2678 3669 de
2724 3609 2903 3685 prole

455 3734 578 3781 sua
623 3722 804 3781 esset
847 3720 1100 3781 factum
1148 3723 1217 3781 et
1262 3720 1491 3781 Tibius
1537 3721 1877 3796 ignoraret
1923 3737 2008 3783 ex
2052 3722 2291 3795 quibus
2337 3722 2718 3798 parentibus
2765 3725 2905 3784 nati

456 3836 684 3895 essent
730 3833 827 3894 illi
874 3834 1162 3909 gemelli.
1213 3834 1387 3911 Quos
1433 3850 1548 3910 pro
1595 3836 1738 3896 suis
1785 3836 2011 3896 liberis
2054 3836 2169 3896 ille
2216 3838 2545 3897 educavit.
2936 3821 2943 3828 ⁵

546 3948 786 4022 Nupsit
829 3949 1063 4023 postea
1107 3947 1446 4023 Myrrhina
1483 3948 1580 4009 illi
1619 3950 1730 4023 qui
1773 3950 1910 4010 vim
1950 3949 2110 4010 elim
2150 3950 2210 4009 ei
2246 3950 2568 4012 intulerat
2605 3951 2905 4026 Lacheti,

461 4076 675 4135 neque
737 4062 882 4135 ipsa
941 4064 1169 4122 tamen
1232 4077 1444 4136 neque
1508 4062 1618 4123 ille
1669 4064 1895 4123 sciens
1958 4078 2031 4124 se
2094 4064 2348 4139 pridem
2413 4080 2562 4125 cum
2627 4080 2703 4126 eo
2764 4082 2903 4127 rem

461 4174 804 4248 habuisse;
851 4177 1052 4235 noctu
1098 4176 1302 4249 igitur
1346 4176 1660 4237 iuvenem
1707 4178 1804 4236 ita
1851 4176 2210 4251 deliquisse
2242 4178 2427 4252 patet
2455 4193 2571 4253 per
2601 4178 2909 4241 ludorum

459 4288 874 4364 publicorum
913 4289 1255 4351 licentiam
1296 4290 1588 4353 similive
1625 4293 1999 4368 occasione,
2042 4294 2315 4368 perinde
2340 4296 2539 4368 atque
2564 4295 2630 4353 in
2655 4293 2909 4370 Discep-

461 4403 761 4465 tantibus
797 4403 1047 4465 factum
1090 4406 1194 4464 est
1235 4405 1341 4465 vel
1379 4406 1444 4464 in
1485 4404 1859 4467 Cistellaria
1882 4407 2101 4468 Plauti
2127 4408 2471 4482 Hecyrave
2498 4408 2913 4469 Terentiana.

538 4670 578 4735 ¹)
614 4676 693 4723 Of.
729 4676 866 4723 Men.
900 4677 1124 4735 Agricol.
1161 4677 1224 4723 32
1258 4688 1373 4735 sqq.
1409 4677 1472 4723 fr.
1509 4678 1607 4725 946
1642 4681 1695 4725 et
1729 4678 1907 4741 adesp.
1947 4680 2058 4725 108.
