3519 5416
635 617 675 674 4
1741 630 1974 676 menos.

719 805 958 878 Itaque
995 804 1235 866 mulier
1274 807 1536 880 partum
1575 805 1766 866 illum
1808 805 2297 866 clandestinum
2338 819 2605 866 summa
2643 819 2801 865 cura
2838 803 3081 865 celavit

627 919 966 980 maritum.
1007 920 1236 981 Tibius
1275 923 1501 981 autem
1541 923 1772 996 pastor
1796 920 2223 982 volventibus
2248 922 2440 982 annis
2464 936 2617 981 cum
2644 936 2758 995 per
2780 933 3083 980 annonae

629 1035 980 1096 caritatem
1027 1035 1250 1110 inopia
1296 1038 1710 1110 premeretur
1762 1051 1997 1112 seneX,
2050 1038 2125 1096 ut
2170 1051 2372 1110 seque
2416 1034 2867 1112 gemellosque
2904 1034 3083 1095 alere

628 1151 858 1224 posset
921 1150 1085 1211 duas
1147 1151 1368 1211 minas
1432 1153 1706 1211 mutuas
1770 1151 2019 1211 sumsit
2077 1166 2117 1210 a
2162 1151 2453 1211 Lachete
2503 1151 2643 1211 viro
2691 1150 2924 1226 divite,
2973 1150 3082 1223 qui

627 1264 892 1340 pristini
953 1264 1058 1326 sui
1124 1265 1379 1326 domini
1443 1263 1649 1326 filiam
1716 1265 2129 1340 Myrrhinam
2194 1265 2502 1326 duxisset
2561 1279 2867 1338 uxorem3
2929 1264 3078 1324 dein

627 1379 830 1440 tertia
889 1379 1078 1440 mina
1139 1380 1376 1456 petita,
1441 1380 1556 1440 sed
1620 1394 1752 1440 non
1815 1381 2207 1456 impetrata,
2273 1379 2451 1440 fame
2510 1381 2617 1440 est
2661 1379 3079 1440 interemtus.

626 1493 835 1553 Filius
898 1495 1044 1553 tum
1107 1493 1384 1567 Gorgias
1447 1493 1769 1568 pecuniae
1832 1493 2039 1553 etiam
2098 1492 2347 1566 aliquid
2395 1508 2435 1552 a
2479 1491 2766 1552 Lachete
2810 1493 3074 1567 petivit,

625 1608 702 1666 ut
761 1608 1021 1680 patrem
1074 1641 1152 1650 -
1204 1623 1401 1680 quem
1465 1607 1730 1680 quidem
1791 1605 2070 1681 putabat
2132 1639 2212 1649 —
2278 1605 2559 1680 sepelire
2618 1607 2871 1681 posset,
2926 1605 3075 1666 dein

623 1735 776 1781 cum
823 1735 1046 1781 sorore
1093 1721 1161 1781 in
1207 1721 1519 1782 Lachetis
1566 1721 1762 1781 aedes
1808 1722 2158 1796 postquam
2211 1719 2707 1795 commigravit,
2754 1721 2831 1779 ut
2872 1720 3091 1794 patris

623 1835 869 1895 mortui
931 1834 1224 1895 debitum
1286 1834 1452 1895 illud
1504 1834 1861 1895 laborando
1907 1834 2225 1910 solveret,
2278 1833 2573 1909 suscepit
2618 1848 2843 1894 curam
2890 1847 3076 1908 pecu·

625 1948 784 2008 dum
856 1949 1274 2026 vicanorum,
1346 1963 1546 2023 quam
1616 1951 1813 2009 antea
1884 1948 2211 2009 habuerat
2279 1951 2472 2024 pater
2538 1947 2794 2022 Tibius3
2856 1946 3077 2022 puella

625 2065 852 2122 autem
916 2063 1213 2137 Plangon
1275 2063 1517 2123 ancilla
1576 2062 1758 2123 facta
1818 2064 1924 2122 est
1972 2062 2378 2139 Myrrhinam,
2434 2094 2510 2104 —-
2562 2077 2723 2123 suae
2768 2061 3078 2122 videlicet

624 2177 884 2237 mairie.
927 2177 1082 2237 Mox
1106 2176 1404 2237 eiusdem
1439 2175 1738 2237 familiae
1755 2191 1995 2238 servus
2024 2177 2251 2238 Davus
2282 2192 2431 2238 eam
2463 2177 2531 2236 in
2566 2175 3073 2237 contubernium

625 2291 893 2367 petivit,
944 2305 1076 2352 non
1123 2291 1338 2352 noluit
1383 2291 1638 2352 Laches
1685 2292 2035 2366 dominus;
2080 2294 2151 2351 at
2198 2325 2275 2335 —
2311 2325 2389 2335 —
2420 2323 2503 2332 —

709 2405 967 2466 Desunt
1025 2407 1280 2479 cetera;
1330 2406 1444 2466 sed
1492 2420 1578 2466 ex
1626 2407 2021 2480 argumento
2067 2405 2349 2465 metrico
2397 2404 2709 2464 novimus
2755 2404 3075 2480 Plangoni

619 2521 794 2581 idem
839 2520 1161 2588 accidisse
1200 2520 1371 2594 quod
1413 2519 1571 2580 olim
1611 2519 1827 2594 ipsius
1864 2519 2069 2579 matri
2108 2519 2515 2594 Myrrhinae,
2560 2533 2679 2593 per
2716 2519 2853 2578 vim
2894 2520 3069 2578 enim

620 2635 937 2708 pudorem
1006 2634 1066 2694 ei
1137 2636 1440 2708 ereptum
1513 2647 1662 2693 esse
1734 2647 1773 2691 a
1830 2633 2069 2692 iuvene
2133 2631 2487 2706 petulanti.
2558 2632 2747 2692 Nunc
2810 2634 3071 2693 uterum

619 2765 848 2826 gerere
893 2750 1188 2824 putanda
1234 2750 1365 2820 est;
1407 2747 1695 2808 fortasse
1740 2748 1954 2807 instat
1998 2749 2251 2823 partuS.
2301 2747 2373 2806 Id
2420 2749 2767 2823 postquam
2802 2748 3074 2808 rescivit

616 2863 868 2940 Davus,
918 2865 1137 2939 ipsum
1187 2878 1259 2924 se
1304 2864 1370 2923 in
1419 2878 1498 2923 ea
1544 2877 1857 2937 peccasse
1904 2861 2239 2936 perhibuit
2285 2862 2822 2937 generosissime.

708 2980 934 3038 Finem
979 2977 1242 3039 fabulae
1283 2978 1496 3038 fecere
1530 2976 1892 3050 Plangonis
1924 2976 2224 3052 nuptiae,
2264 2991 2394 3037 non
2432 2990 2583 3037 cum
2618 2975 2801 3037 Davo
2836 2978 3066 3038 tamen

615 3094 854 3169 initae,
905 3092 1020 3153 sed
1069 3107 1218 3152 cum
1266 3092 1501 3151 Phidia
1546 3094 1846 3151 amatore
1895 3090 2004 3151 illo
2053 3091 2256 3150 nimis
2304 3091 2567 3166 audaci,
2619 3090 2731 3164 qui
2778 3090 3067 3151 libentis-

619 3208 790 3269 sime
864 3208 931 3268 in
1003 3206 1512 3267 matrimonium
1584 3220 1732 3267 eam
1804 3205 2089 3282 accepit,
2177 3207 2529 3280 postquam
2598 3204 2857 3266 liberali
2925 3205 3066 3265 loco

615 3324 846 3382 natam
894 3324 962 3382 et
1008 3321 1234 3382 dotem
1280 3320 1340 3381 ei
1388 3320 1731 3380 inventam
1783 3318 2033 3379 didicit.
