3519 5416
1448 605 1947 652 orscapunrss
2837 598 2917 656 13

561 781 739 842 Rure
771 775 847 857 ²),
897 780 1014 841 sed
1061 781 1238 841 haud
1285 779 1511 856 procul
1559 780 1640 841 ab
1689 780 1849 840 urbe
1878 774 1950 858 2),
2000 783 2155 842 ante
2204 782 2402 843 aedes
2440 782 2718 844 villasve
2756 783 2916 846 Cha-

466 896 608 957 risii
655 897 724 956 et
771 895 1118 956 Smicrinis
1163 896 1512 970 contiguas
1559 895 1628 955 in
1674 895 1818 955 vita
1861 894 2121 970 publica
2160 911 2267 956 res
2312 896 2421 971 agi
2466 895 2828 972 finguntur.

1503 1133 1879 1142 ———

557 1320 848 1381 Fabulae
885 1321 1360 1395 argumentum
1407 1319 1532 1380 hoc
1578 1322 1715 1384 est:

557 1434 900 1496 Charisius
960 1436 1228 1510 quidam
1289 1451 1569 1497 uxorem
1631 1436 1825 1496 duxit
1884 1436 2327 1512 Pamphilam.
2400 1437 2578 1513 Quae
2635 1442 2919 1513 quatuor

465 1549 812 1610 mensibus
858 1552 1010 1624 post
1055 1551 1327 1625 nuptias
1373 1549 1545 1610 clam
1594 1550 1852 1625 peperit
1895 1565 2205 1627 puerum,
2254 1551 2382 1612 iter
2428 1554 2587 1613 tuno
2630 1555 2913 1617 faciente

465 1663 706 1724 marito
737 1656 803 1734 ³).
875 1664 1129 1739 Nempe
1201 1679 1375 1724 anno
1445 1663 1755 1738 proximo
1828 1663 2267 1741 Tauropoliis‚
2332 1681 2481 1727 cum
2542 1668 2727 1743 virgo
2788 1669 2914 1730 sol-

459 1775 684 1838 lemne
744 1781 1147 1839 nocturnum
1209 1777 1553 1839 celebrans
1600 1793 1640 1838 a
1698 1779 1939 1840 ceteris
1984 1780 2225 1855 puellis
2270 1780 2687 1855 aliquantum
2734 1783 2912 1844 aber·

466 1893 710 1967 rasset‚
757 1905 796 1952 a
841 1892 1080 1953 iuvene
1124 1891 1343 1967 aliquo
1392 1891 1763 1953 temulento
1811 1893 1879 1953 vi
1926 1907 2309 1969 compressa
2356 1898 2461 1956 est
2490 1891 2561 1968 ⁴).
2603 1896 2759 1958 Erat
2803 1897 2914 1960 ille

465 2005 728 2065 iuvenis
797 2003 1166 2083 Charisius,
1235 2006 1351 2068 sed
1421 2006 1488 2067 in
1548 2005 1843 2067 tenebris
1904 2022 2119 2082 neque
2177 2009 2373 2069 huius
2434 2025 2646 2084 neque
2707 2011 2915 2086 ipsius

468 2119 744 2193 virginis
805 2119 1033 2179 vultus
1093 2121 1309 2194 potuit
1369 2121 1686 2195 conspici.
1747 2121 2085 2182 Infantem
2151 2137 2385 2184 recens
2444 2127 2679 2185 natum
2729 2126 2911 2186 Pam-

465 2232 645 2308 phila
703 2248 822 2309 ope
883 2235 1165 2295 nutricis
1227 2235 1606 2310 Sophronae
1668 2235 1737 2297 in
1784 2251 2059 2298 nemore
2107 2238 2574 2313 exponendum
2622 2239 2909 2315 curavit,

463 2347 708 2408 additis
776 2349 1195 2409 ornamentis
1263 2350 1692 2425 quibusdam,
1768 2365 1937 2425 quae
1999 2351 2143 2426 ipsa
2202 2352 2390 2426 virgo
2452 2355 2782 2430 gesserat,
2845 2357 2913 2414 et

459 2461 687 2538 anulo,
731 2477 930 2535 quem
967 2463 1192 2537 ignoto
1233 2464 1332 2524 illi
1368 2463 1626 2541 iuveni,
1669 2465 1827 2526 dum
1869 2480 2018 2526 cum
2060 2481 2135 2526 eo
2168 2465 2485 2544 luctatur,
2512 2468 2911 2529 detraxerat.

549 2577 816 2639 Invenit
876 2579 1226 2653 puerulum
1291 2584 1520 2656 pastor
1578 2581 1834 2657 DavuS‚
1900 2596 2062 2642 mox
2108 2582 2378 2656 Syrisce
2426 2583 2642 2644 amico
2688 2582 2903 2644 carbo·

462 2693 647 2753 nario
708 2693 894 2755 dedit
951 2695 1233 2772 petenti,
1296 2695 1406 2770 qui
1454 2711 1569 2771 pro
1618 2712 1738 2757 suo
1786 2693 1919 2757 filio
1966 2712 2119 2757 eum
2170 2697 2509 2773 educaret;
2558 2697 2674 2758 sed
2721 2712 2906 2759 orna-

462 2809 691 2869 menta
733 2810 1030 2870 servavit
1075 2810 1240 2886 ipse.

548 2922 943 2997 Speraverat
987 2923 1340 2998 Pamphila
1377 2925 1520 2985 fore
1559 2926 1634 2985 ut
1674 2924 1991 3002 dedecus,
2031 2940 2157 3000 quo
2195 2926 2341 2986 sine
2380 2926 2519 2986 ulla
2553 2942 2676 2987 sua
2714 2927 2907 3003 culpa

456 3035 673 3097 fuerat
719 3036 988 3115 affecta,
1040 3040 1107 3098 et
1151 3039 1405 3099 ceteros
1449 3038 1691 3100 lateret
1729 3038 2053 3099 mortales
2091 3041 2158 3099 et
2197 3040 2535 3101 maritum.
2577 3040 2701 3101 Sed
2742 3042 2901 3102 One·

457 3151 670 3213 simus
727 3166 967 3213 servus
1014 3168 1166 3214 cum
1215 3153 1492 3215 enixam
1539 3154 1893 3230 sensisset,
1944 3153 2025 3213 ad
2073 3152 2450 3215 Charisium
2500 3156 2730 3230 paucis
2777 3155 2904 3216 die-

452 3266 574 3326 bus
634 3270 790 3327 ante
853 3268 1123 3328 initium
1170 3268 1436 3330 fabulae
1487 3268 1568 3329 ab
1614 3268 1855 3329 itinere
1905 3267 2214 3330 reducem
2264 3284 2406 3329 rem
2456 3268 2715 3330 detulit.
2780 3269 2901 3345 Qui

451 3354 906 3458 indignatione
966 3384 1259 3459 percitus
1321 3398 1598 3445 uxorem
1663 3370 2172 3446 hactenus'sibi
2233 3382 2743 3444 dilectissimam
2802 3386 2905 3445 est

452 3498 825 3557 aversatus.
864 3496 1082 3571 Dapes
1122 3498 1476 3575 instruxit,
1517 3501 1595 3559 ut
1632 3514 1785 3560 cum
1825 3498 2057 3559 amicis
2096 3496 2287 3573 genio
2329 3495 2681 3571 indulgens
2718 3500 2901 3559 saevi

451 3610 698 3671 doloris
761 3610 1294 3685 oblivisceretur;
1344 3613 1666 3673 conduxit
1708 3612 2059 3688 psaltriam
2110 3611 2570 3686 Habrotonon,
2618 3626 2901 3683 quacum

456 3726 728 3787 viveret.
793 3725 917 3786 Sed
978 3727 1228 3787 frustra
1287 3728 1570 3787 conatus
1634 3727 1736 3785 est
1792 3740 1829 3785 e
1884 3724 2075 3785 corde
2132 3739 2253 3784 suo
2309 3722 2553 3799 pellere
2599 3739 2895 3786 amorem

450 3839 866 3915 Pamphilae:
915 3840 1345 3901 Habrotonon
1391 3840 1604 3901 sensit
1648 3854 1720 3899 se
1770 3839 1831 3900 ei
1877 3838 2389 3911 haudquaquam
2435 3840 2694 3913 gratam
2728 3854 2897 3900 esse.

517 4033 554 4095 ¹)
591 4036 670 4085 Of.
703 4050 775 4083 vs.
811 4038 876 4083 2⁶
909 4042 1065 4101 χωρία
1100 4043 1248 4084 ταῦτα
1282 4036 1432 4083 villae
1469 4039 1668 4092 vestrae,
1706 4036 1803 4083 361
1844 4038 1937 4095 ἥκοι
1974 4034 2020 4089 δξ
2054 4035 2242 4090 ἄστεως,
2276 4035 2342 4082 al.

515 4112 558 4174 ²)
595 4116 807 4175 Ooquus
857 4118 994 4164 onim
1045 4115 1257 4175 quidam
1309 4130 1338 4163 e
1381 4117 1492 4164 soro
1543 4117 1746 4164 urbano
1789 4115 2051 4163 adductus
2097 4119 2179 4162 est
2219 4116 2351 4172 heri,
2394 4114 2549 4162 hodie
2593 4115 2729 4162 alius
2772 4116 2895 4163 inde

447 4194 726 4243 adducitur
759 4210 976 4256 coquus,
1010 4200 1064 4243 et
1102 4196 1339 4256 Syriscus
1374 4195 1754 4256 aliquantisper
1782 4196 1835 4242 in
1865 4195 2047 4243 urbem
2078 4195 2189 4242 abit
2215 4208 2290 4241 vs.
2327 4196 2443 4252 245,
2472 4208 2591 4242 mox
2616 4195 2896 4246 rediturus.

512 4270 556 4333 ³)
590 4276 702 4324 Non
748 4277 941 4324 dieitur
985 4278 1084 4324 hoo
1134 4278 1187 4323 in
1233 4277 1540 4336 fragmentis
1575 4278 1785 4333 nostris,
1818 4275 1911 4323 sed
1948 4278 2002 4321 et
2034 4288 2063 4321 e
2098 4288 2272 4322 rerum
2308 4274 2531 4322 decursu
2568 4274 2797 4323 efficitur
2826 4301 2893 4312 —

447 4368 567 4403 nam
619 4360 829 4418 partum
881 4358 1052 4405 celare
1108 4354 1199 4416 qni
1243 4355 1506 4417 potuisset
1549 4354 1796 4404 maritum
1844 4354 2137 4415 Pamphila,
2178 4356 2222 4402 si
2265 4356 2356 4402 ille
2401 4355 2685 4403 adfuisset!
2730 4382 2795 4391 -—
2841 4360 2895 4404 et

445 4436 636 4482 collata
669 4434 902 4484 Terentii
934 4438 1137 4497 Hecyra
1173 4437 1368 4493 fabula,
1402 4436 1455 4483 in
1491 4450 1595 4496 qua
1627 4436 1863 4484 Imbrum
1898 4434 1999 4483 iter
2036 4436 2164 4482 facit
2193 4436 2286 4481 vir.

509 4512 556 4579 ⁴)
589 4517 673 4563 Sic
711 4516 854 4577 apud
885 4518 1131 4565 Plautum
1165 4517 1460 4577 Lyconides
1488 4522 1568 4564 est
1595 4518 1817 4574 iuvenis,
1846 4518 1937 4576 qui
1964 4515 2272 4563 Phaedriam
2300 4515 2554 4573 virginem
2586 4517 2895 4576 compressit

445 4598 588 4642 noctu
626 4594 810 4644 Cereris
842 4596 1032 4660 viyilit's
1062 4597 1255 4655 (Aulul.
1291 4598 1490 4658 prolog.
1523 4601 1577 4645 et
1609 4599 1661 4645 in
1691 4598 1794 4644 fine
1824 4600 1972 4644 actus
1999 4594 2106 4656 IV).
2140 4620 2200 4631 —
2232 4596 2449 4643 Nostrae
2478 4600 2651 4643 autem
2680 4596 2890 4643 fabulae

443 4680 811 4735 argumentum
848 4691 911 4725 ex
943 4678 1209 4739 Euripidis
1243 4680 1389 4737 Anga
1422 4678 1658 4726 dramate
1686 4678 1836 4724 duxit
1869 4675 2150 4725 Menander
2185 4672 2275 4740 (ef.
2309 4688 2383 4723 vs.
2420 4673 2557 4739 525).
