3519 5416
593 553 677 610 26
1561 565 2061 609 mscEP‘rAN‘rssS.

589 738 672 796 90
1031 736 1268 796 τούτου·
1313 735 1388 796 σὺ
1438 731 1492 794 δ’
1547 733 1810 813 ἔντόησᾶς
1858 756 1929 812 με
1979 735 2145 807 δούς.
2199 769 2277 780 -
2329 743 2449 795 νῦν
2496 735 2839 817 γνωστέον,

1034 846 1326 928 βέλτιστέ,
1373 867 1470 910 σοι
1518 823 1672 909 ταῦτ’
1730 848 1912 926 ἐστίν,
1957 847 2036 922 ὡς
2084 847 2215 926 ἐμοὶ
2264 850 2463 928 δοκεῖ,

1033 963 1104 1023 τὰ
1147 959 1343 1042 χρυσί’
1397 961 1437 1043 ’ἢ
1483 958 1656 1024 ταῦθ’
1711 963 1855 1024 ἅττα
1900 959 2028 1024 ποτ’
2081 963 2237 1042 ἐστι’,
2281 963 2503 1044 πότερα
2550 966 2650 1026 δεῖ

1034 1077 1185 1139 κατὰ
1230 1077 1340 1156 τὴν
1388 1080 1562 1139 δόσιν
1609 1087 1713 1156 τῆς
1762 1078 2021 1157 μητρός,
2066 1078 2194 1156 ἥτις
2242 1071 2321 1157 ἦν
2369 1102 2551 1158 ποτε,

1035 1203 1114 1276 τῷ
1161 1193 1385 1278 παιδίῳ
1430 1188 1694 1272 τηρεῖσθ’
1749 1190 1861 1265 ἕως
1906 1191 1983 1252 ἂν
2031 1191 2335 1278 ἐκτραφῇ,

591 1310 674 1367 95
1033 1305 1072 1386 ἢ
1118 1308 1224 1368 τὸν
1271 1303 1780 1385 λελωποδυτηκότ’
1835 1307 2023 1368 αὐτὸν
2070 1305 2230 1368 ταῦτ’
2284 1308 2465 1388 ἔχειν,

1035 1423 1090 1482 εἰ
1131 1431 1364 1501 πρῶτος
1411 1415 1548 1502 εὗρε
1593 1421 1925 1502 τάλλότρια.
1971 1423 2031 1482 τί
2073 1413 2187 1484 οὖν
2234 1423 2401 1502 τότε,

1038 1535 1122 1596 ὅτ’
1173 1534 1517 1615 ἐλάμβανον
1565 1532 1747 1613 τοῦτ’,
1792 1536 1909 1596 οὐκ
1956 1533 2232 1620 ἀπῄτουν
2272 1536 2459 1596 ταῦτά
2503 1554 2596 1608 σε;

1037 1647 1210 1712 οὔπω
1256 1646 1388 1730 παρ’
1445 1649 1579 1729 ἐμοὶ
1623 1644 1736 1712 τότ’
1788 1642 1866 1728 ἧν
1914 1647 2066 1728 ὑπὲρ
2112 1651 2334 1712 τούτου
2382 1649 2595 1731 λέγειν.

1037 1763 1166 1842 ἥκω
1215 1761 1281 1824 δὲ
1326 1763 1431 1825 καὶ
1475 1774 1596 1825 νῦν
1642 1764 1758 1826 οὐκ
1805 1765 2071 1842 ἐμαυτοῦ
2120 1760 2167 1824 o'
2222 1761 2368 1826 οὐδὲ
2405 1765 2479 1824 ’ὲν

599 1883 723 1940 100
1037 1878 1198 1939 ἴδιον
1245 1879 1539 1939 ἀπαιτῶν.
1589 1913 1669 1924 —-
1719 1878 1966 1956 »κοινὸς
2000 1874 2289 1957 Ἑρμῆς“.
2353 1916 2412 1926 -
2471 1876 2623 1956 μηδὲ
2660 1880 2733 1938 ἓν

1035 1987 1251 2071 εῧρισχ’
1306 1992 1462 2053 ὅπου
1511 1993 1791 2072 πρόσεστι
1839 1990 1979 2071 σῶμ’
2033 1992 2466 2072 ἀδικούμενον.

1037 2106 1146 2187 οὐχ
1191 2107 1421 2186 εὕρεσις
1467 2101 1623 2168 τοῦτ’
1675 2107 1866 2186 ἔστιν,
1910 2103 2031 2168 ἀλλ’
2084 2107 2421 2188 ἀφαίρεσις.

1037 2218 1272 2299 βλέψον
1320 2216 1380 2281 δ’
1433 2219 1650 2300 ἐκεῖσε,
1693 2221 1898 2302 πάτερ·
1948 2221 2091 2294 ἴσως
2138 2218 2265 2282 ἔσθ’
2320 2221 2524 2282 οὑτοσὶ

1042 2335 1303 2416 γεγονὼς
1349 2333 1502 2415 ὑπὲρ
1549 2332 1741 2414 ἡμᾶς,
1788 2335 1889 2396 καὶ
1937 2335 2185 2414 τραφεὶς
2232 2334 2298 2396 ἓν
2345 2335 2618 2416 ἐργάταις

603 2501 1533 2508 -ῌ-ᾞ
1560 2503 2418 2509 -—-———..—--—-.-——.-——-——-

661 2549 741 2593 92.
779 2544 954 2606 wne]
989 2564 1067 2594 ατι
1101 2547 1214 2594 cod.

661 2626 743 2672 94.
780 2629 984 2688 δκτραφῇ
1017 2626 1156 2686 Lot]
1191 2642 1386 2689 εκτριφη
1419 2625 1534 2672 cod.

661 2705 742 2752 98.
777 2706 869 2753 τότ’
891 2742 902 2752 .
922 2743 932 2752 .
951 2706 1128 2765 ,λίγειν
1161 2705 1292 2766 Leo]
1321 2706 1446 2753 τοῦτ’
1467 2741 1477 2752 .
1498 2705 1698 2765 ..Myon
1733 2707 1848 2755 Les.
1885 2720 2003 2754 oum
2040 2707 2153 2753 cod.

661 2786 741 2830 99.
778 2783 847 2843 α’]
883 2798 984 2831 om.
1020 2785 1154 2844 eod„
1188 2784 1388 2832 addidit
1424 2785 1668 2832 Sudhaus
1703 2786 1849 2845 (0011.
1886 2800 1960 2832 vs.
1997 2787 2103 2846 87),
2138 2786 2175 2843 γ’
2215 2787 2325 2833 Les.

662 2864 942 2911 101—110.
990 2864 1322 2922 Singulorum
1371 2878 1618 2912 versuum
1665 2866 1871 2913 litteras
1916 2863 2151 2911 initiales
2196 2869 2305 2912 tros
2348 2865 2545 2912 duasve
2591 2864 2673 2911 vel
2719 2877 2874 2911 unam
2920 2876 3045 2923 enp-

592 2942 759 3002 plevit
790 2943 904 2990 Les.

661 3022 1013 3070 102.=M0n.
1049 3023 1113 3069 fr.
1153 3026 1266 3071 180.

662 3104 774 3153 103.
808 3102 886 3148 *δ’
930 3103 1097 3164 luczon]
1135 3105 1186 3149 δὲ
1219 3106 1352 3151 κάκεῖ
1388 3105 1501 3151 Les.
1537 3118 1656 3153 oum
1692 3104 1831 3161 eod.;
1870 3106 1921 3151 δὲ
1954 3108 2102 3167 πάτερ
2138 3106 2326 3151 κάκεῖσε
2355 3102 2652 3150 coniecerat
2682 3102 3047 3150 vflorwerden.

661 3206 726 3216 —
762 3184 921 3228 οὑτοσὶ
963 3182 1104 3243 Lef.]
1142 3201 1194 3230 ο.
1214 3218 1224 3229 .
1249 3220 1259 3230 .
1278 3201 1325 3231 σι
1362 3184 1476 3231 cod.

662 3262 773 3308 104.
808 3265 1004 3319 γεγονὼς
1034 3263 1403 3321 vna-werdon]
1425 3298 1435 3308 .
1459 3296 1469 3309 .
1489 3299 1500 3310 .
1522 3299 1534 3310 .
1557 3280 1615 3323 ησ
1631 3264 1700 3323 (ἲ)
1731 3263 1864 3321 eod„
1892 3267 2073 3325 φύσεως
2090 3264 2235 3311 vWil.
2266 3263 2585 3319 dubitanter,
2612 3262 2665 3309 τὸ
2695 3262 2825 3322 γένος
2850 3261 3048 3309 Nicole.

673 3453 928 3508 90—95.
995 3454 1262 3509 Constr.:
1322 3460 1422 3508 va
1477 3440 1766 3519 γνωστέον
1949 3456 2025 3509 99
2070 3470 2159 3523 sq.
2204 3458 2337 3509 οὐδὲ
2380 3456 2439 3509 ἓν
2482 3457 2545 3509 et
2591 3455 2729 3521 μηδὲ
2772 3454 2853 3519 ἓν]
2897 3453 3045 3507 item

595 3546 684 3600 σοί
726 3548 842 3600 ἐστι
883 3548 1094 3614 πότερα
1137 3554 1217 3617 τῷ
1247 3549 1449 3617 παιδίῳ
1479 3552 1766 3615 τηρεῖσθαι
1866 3564 2059 3617 supra
2081 3546 2146 3614 2).

596 3641 676 3692 δεῖ
730 3645 909 3693 ταῦτα
951 3642 1020 3693 τὰ
1062 3641 1260 3707 χρυσία
1303 3646 1336 3708 ἢ
1381 3643 1480 3694 τὸν
1523 3645 1765 3695 λελωπο-
1952 3643 2083 3697 100.
2130 3644 2312 3704 κοινὸς
2360 3642 2570 3708 Ἑρμῆς]
2625 3640 2910 3708 Syriscus
2962 3652 3046 3694 re·

595 3734 878 3799 δυτηκότα
922 3734 1082 3798 ἔχειν.
1868 3734 2046 3804 spicit
2088 3735 2271 3789 verba
2316 3734 2465 3788 Davi
2499 3728 2565 3799 3).

675 3825 770 3880 95.
873 3829 1395 3894 λελωποδυτηκότα]
1501 3826 1767 3895 maligne
1952 3828 2082 3882 101.
2129 3830 2309 3893 σῶμα]
2355 3840 2539 3894 saepe
2579 3826 2639 3879 in
2703 3823 3050 3879 huiusmodi

595 3932 757 3972 nunc
813 3919 1041 3973 dictum
1099 3933 1206 3987 pro
1265 3922 1583 3987 κεκλοφότα
1627 3922 1767 3984 (κλέ-
1866 3920 2274 3976 locutionibus
2316 3919 2375 3973 id
2418 3920 2575 3985 quod
2626 3920 2924 3985 ἄνθρωπον
2955 3916 3049 3973 vel

595 4017 823 4077 ψαντα).
889 4011 1118 4080 Nempe
1182 4012 1253 4067 de
1316 4012 1450 4080 ipso
1515 4027 1767 4081 corpore
1868 4016 1992 4067 τινά
2036 4013 2335 4081 significat
2364 4008 2427 4073 4).

594 4104 830 4171 pueruli
853 4104 1034 4171 signa
1062 4104 1163 4159 illa
1193 4105 1456 4160 detraxit
1479 4104 1684 4161 Davus
1703 4102 1767 4174 1).
1954 4106 2084 4162 103.
2129 4108 2322 4171 ἐκεῖσε]
2367 4104 2404 4158 i.
2428 4118 2477 4158 e.
2523 4105 2598 4166 εἰς
2638 4106 2704 4157 τὸ
2769 4105 2982 4168 μέλλον.

676 4197 772 4251 96.
816 4199 880 4263 εἰ]
923 4197 1036 4253 i.e.
1072 4198 1378 4266 siquidem,
1416 4199 1767 4268 qcoandoqm'·
1954 4200 2087 4254 104.
2161 4201 2300 4265 ὑπὲρ
2376 4201 2535 4264 ἡμᾶς]
2614 4211 2829 4265 oppos,
2902 4199 3031 4250 καθ’

595 4290 747 4359 dem,
793 4291 1106 4357 ἐπειδήπερ.
1815 4291 1821 4359 Ι
1871 4294 2013 4358 ἡμᾶς
2035 4287 2101 4355 ³3).

669 4563 705 4624 ¹)
741 4564 817 4613 cf.
863 4566 989 4615 Rau.
1037 4568 1150 4614 7⁷2.
1201 4593 1264 4601 —
1309 4563 1350 4626 ²)
1383 4568 1466 4614 Vs.
1513 4570 1596 4614 69.
1641 4594 1705 4601 —
1752 4563 1795 4625 ³)
1834 4566 1915 4613 Vs.
1964 4569 2043 4613 67.
2080 4592 2144 4601 -·
2180 4562 2221 4629 ⁴)
2258 4567 2390 4613 Plat.
2428 4568 2551 4625 Lag.
2590 4569 2732 4614 908a
2778 4566 3051 4613 Demosth.

593 4631 801 4685 XXXIV
837 4635 866 4701 5
905 4636 966 4680 10
1005 4634 1096 4685 XX
1131 4636 1159 4693 5
1198 4636 1259 4683 ’17
1297 4634 1545 4697 Hyperid.
1585 4636 1620 4681 V
1658 4634 1683 4700 ς
1728 4635 1786 4680 16
1822 4640 1923 4683 eto.
1964 4660 2017 4669 —-
2062 4630 2102 4698 ⁵)
2142 4635 2219 4681 Cf.
2256 4636 2377 4683 Her.
2420 4637 2497 4683 19.
