3519 5416
636 566 723 628 80
1623 583 2101 631 omoumonu.

1078 752 1320 833 ἀτιμίαν
1366 749 1416 816 τ’
1468 752 1736 834 ἐνόμισε,
1781 755 2144 835 μεταθέσθαι
2188 755 2391 818 πάλιν·

1078 866 1182 929 διὰ
1225 868 1340 949 γὰρ
1385 874 1543 931 θεοῦ
1587 867 1692 930 καὶ
1733 869 1801 932 τὸ
1847 869 2037 932 κακὸν
2084 871 2169 944 εἰς
2215 868 2458 952 ἀγαθὸν
2502 869 2671 953 ῥέπει

633 984 720 1044 50
1075 981 1456 1062 γνγνόμενον.
1501 978 1789 1063 ἔρρωσθ’,
1832 982 2101 1064 εὐμενεῖς
2146 1006 2207 1046 τε
2245 984 2563 1066 γενόμενοι

1074 1091 1242 1174 ἡμῖν,
1283 1096 1528 1174 θεαταί,
1572 1094 1676 1157 καὶ
1720 1095 1793 1157 τὰ
1837 1096 2021 1160 λοιπὰ
2066 1096 2289 1183 σῴζετε.

989 1204 1152 1266 (Abit.
1186 1233 1254 1242 —
1287 1208 1468 1256 Prodit
1500 1209 1725 1258 Sosius
1761 1209 1993 1258 famulus
2028 1223 2093 1258 ex
2126 1208 2349 1258 aedibus
2382 1208 2723 1276 Polemonis.)

1524 1385 1811 1442 SOENA
1852 1385 2201 1445 TERTIA.

1584 1519 1879 1581 Sosiae
1926 1519 2131 1582 solus,

1676 1657 2030 1718 ΣΩΣῙΑΣ.

1074 1767 1107 1831 ὁ
1153 1769 1416 1850 σοβαρὸς
1460 1765 1610 1849 ἡμῖν
1654 1766 1872 1851 ἀρτίως
1915 1769 2021 1832 καὶ
2063 1773 2415 1852 πολεμικός,

1073 1880 1106 1946 ὅ
1151 1883 1256 1957 τὰς
1301 1888 1596 1965 γυναῖκας
1642 1883 1756 1946 οὐκ
1804 1882 1920 1946 ἐῶν
1966 1883 2121 1966 ἔχειν
2166 1886 2399 1967 τρίχας,

1068 1997 1234 2059 κλάει
1277 1998 1667 2072 κατακλινείς.
1714 1997 2037 2061 κατέλιπον
2080 2001 2432 2080 ποούμενον

627 2117 711 2177 55
1069 2109 1317 2192 ἄριστον
1361 2110 1570 2185 αὐτοῖς
1617 2109 1781 2192 ἄρτι,
1822 2111 1925 2174 καὶ
1967 2112 2340 2195 συνηγμένοι

1069 2224 1154 2300 εἰς
1197 2225 1422 2289 ταῢτόν
1468 2225 1624 2287 εἰσιν
1671 2225 1737 2288 οἰ
1776 2231 2101 2308 συνηθεῖς,
2142 2237 2252 2291 τοῦ
2298 2226 2509 2310 φέρειν

1069 2339 1260 2402 αὐτὸν
1303 2339 1370 2402 τὸ
1416 2349 1664 2422 πρᾶγμα
1709 2341 1881 2426 ῥᾷον.
1929 2340 2047 2404 οὐκ
2092 2341 2243 2424 ἔχων
2288 2338 2347 2405 δ’
2402 2343 2565 2418 ὅπως

2624 2488 3062 2497 ————.-

691 2528 774 2575 40.
809 2525 955 2587 θεοῦ]
993 2528 1140 2580 θεοὺς
1171 2527 1388 2573 Eitrom.

692 2607 773 2655 50.
808 2621 858 2654 τι
893 2609 1130 2665 γινόμενοι
1166 2603 1341 2666 vWss]
1375 2623 1666 2666 γογινομινοι
1703 2602 1769 2668 (¹2)
1804 2605 1939 2666 eod„
1972 2609 2265 2668 γιγινημόνοι
2298 2609 2412 2657 Les.

625 2699 784 2707 ——-.

705 2770 801 2825 48.
821 2768 1163 2836 μεταθέσθω]
1188 2770 1529 2825 sententiam
1549 2771 1797 2839 mutat03
1848 2764 1853 2814 Ι
1981 2770 2058 2825 50
2100 2785 2191 2839 sq.
2233 2774 2529 2837 τε...καί]
2560 2772 2707 2830 et...
2733 2770 2923 2827 etiam.
2962 2770 3074 2826 Est

623 2862 866 2933 proprie
899 2862 1184 2917 calculum
1219 2864 1342 2927 (τὸν
1371 2866 1598 2930 πεττὸν)
1631 2864 1797 2920 redu-
1846 2825 1852 2940 Ι
1896 2879 1959 2917 τε
1988 2862 2049 2922 h.
2072 2861 2109 2918 1.
2140 2862 2589 2934 adiunctivum,
2614 2865 2683 2918 u*
2705 2877 2893 2933 saepe
2913 2863 3071 2931 apud

622 2969 746 3011 cere
792 2955 924 3010 sive
970 2954 1140 3009 aliter
1179 2954 1453 3011 collocare
1494 2956 1797 3025 significat
1896 2957 2205 3014 nostrum.

623 3049 909 3120 verbum,
987 3048 1147 3117 quod
1209 3048 1574 3116 praesertim
1637 3050 1797 3118 apud
1977 3048 2073 3103 53.
2131 3050 2231 3113 τὰς
2282 3049 2566 3116 γυναῖκας]
2608 3050 2796 3104 notus
2838 3046 2934 3103 hic
2974 3048 3071 3103 est

623 3141 938 3198 Platonem
1012 3140 1298 3209 frequens
1374 3142 1490 3197 est.
1566 3142 1796 3199 Eadem
1895 3139 2143 3209 pluralis
2197 3140 2437 3198 numeri
2490 3155 2645 3197 usus
2686 3140 2750 3196 in
2794 3154 2896 3197 ore
2937 3153 3071 3197 con-

621 3234 823 3303 imago
879 3234 1096 3290 subest
1150 3234 1352 3289 verbis
1401 3235 1461 3288 εὖ
1499 3234 1692 3290 θέσθαι
1734 3237 1797 3292 et
1893 3232 2251 3291 viciantium
2314 3235 2377 3290 et
2436 3233 2497 3289 in
2560 3233 2759 3290 maius
2822 3232 2909 3289 sic
2960 3233 3070 3289 cri-

622 3327 939 3381 ἀναθέσθαι.
1892 3325 2062 3382 mina
2118 3326 2511 3398 augentium,
2575 3326 2751 3395 quasi
2815 3325 3068 3382 solitum

701 3418 776 3473 49
841 3432 930 3486 sq.
992 3416 1474 3474 Admirationem
1531 3418 1795 3488 aliquam
1892 3418 1976 3474 sit
2016 3418 2147 3476 fleri
2187 3419 2245 3475 id
2288 3420 2448 3488 quod
2486 3418 2674 3476 semel
2710 3418 2938 3475 factum
2968 3418 3068 3475 sit.

618 3511 828 3567 movet
867 3510 1016 3567 haec
1057 3511 1128 3566 de
1170 3510 1552 3579 providentia
1593 3512 1797 3569 divina
1893 3512 1989 3568 Sic
2044 3513 2316 3580 ἀφθίτους
2363 3517 2539 3567 θεῖναι
2580 3514 2814 3580 βροτοὺς
2854 3511 3070 3568 dicitur

621 3602 957 3667 sententia,
1014 3604 1088 3659 ab
1144 3602 1410 3660 Onesimi
1457 3603 1618 3660 illius
1659 3620 1793 3662 sen·
1840 3625 1845 3644 ¹
1891 3604 2106 3673 Apollo
2142 3620 2177 3661 a
2210 3604 2618 3676 Furiis,quod
2640 3618 2830 3660 unum
2852 3604 3070 3660 Adme-

618 3694 890 3752 tentiolis
923 3695 1236 3765 Epicureis
1261 3692 1304 3764 1)
1341 3697 1474 3754 toto
1509 3698 1674 3755 caelo
1711 3699 1792 3754 di·
1841 3647 1845 3728 Ι
1892 3698 2026 3753 tum
2060 3696 2185 3753 fato
2222 3697 2660 3767 aliquantisper
2694 3696 2981 3767 eripuerit
3004 3693 3069 3764 3).

617 3802 800 3845 versa
838 3790 902 3844 et
937 3789 1181 3859 propior
1215 3788 1428 3858 priscis
1461 3790 1607 3847 iocis
1633 3792 1793 3848 Aris·
1840 3799 1843 3830 =
1973 3792 2069 3846 55.
2115 3793 2321 3858 αὐτοῖς]
2366 3791 2437 3847 ut
2480 3792 2648 3855 αὐτός
2687 3790 2931 3847 famulis
2972 3791 3071 3847 est

617 3881 903 3951 tophanis
944 3882 1016 3939 de
1055 3880 1167 3938 diis
1204 3881 1266 3937 in
1305 3882 1524 3940 melius
1552 3898 1795 3954 semper
1891 3882 2065 3939 herus
2084 3878 2165 3953 4),
2230 3883 2315 3939 sic
2378 3884 2538 3938 αὐτοί
2598 3884 2672 3940 iis
2736 3886 2884 3939 sunt
2945 3882 3071 3939 heri

615 3975 1114 4032 convertentibus
1157 3989 1255 4031 res
1284 3989 1439 4043 quae
1465 3976 1792 4034 Athenien·
1890 3975 2112 4031 sodales
2134 3971 2200 4043 5).

617 4067 778 4123 sium
823 4068 1123 4133 δυσβουλία
1161 4067 1224 4123 in
1254 4067 1536 4124 ultimum
1567 4070 1793 4139 pericu·
1973 4098 2049 4108 -
2093 4068 2540 4137 συνηγμένοι...
2584 4069 2740 4136 εἰσίν]
2780 4068 3069 4125 convocati

615 4159 744 4216 lum
786 4160 1145 4217 adduxisset
1165 4156 1232 4226 2).
1891 4165 2027 4217 sunt
2059 4176 2355 4232 pransum
2377 4156 2440 4226 ⁶).

700 4255 799 4309 50.
837 4253 1188 4321 γιγνόμενον]
1233 4253 1372 4308 dum
1407 4256 1492 4324 fit.
1974 4256 2069 4311 56.
2112 4260 2215 4309 τοο
2262 4256 2472 4321 φέρειν]
2511 4257 2574 4308 ut
2606 4256 2763 4325 serre
2787 4257 2975 4324 posset
2997 4248 3065 4323 7).

686 4450 1169 4512 ι)()1“.1)ἰεο.22“7.
1218 4480 1280 4487 -
1326 4452 2113 4517 ²)Ar.Nub.58'1—6se.—
2162 4452 2205 4519 ⁸)
2240 4453 2425 4503 Aesoh.
2460 4454 2609 4502 Eum.
2647 4455 2761 4502 724.
2798 4452 2875 4501 Cf.
2912 4454 3067 4503 etiam

613 4522 755 4569 Diuo.
788 4524 884 4569 518
916 4524 971 4568 et
997 4520 1063 4569 de
1091 4524 1310 4581 cognato
1343 4523 1563 4583 pluralis
1598 4521 1805 4571 numeri
1839 4536 1940 4571 usu
1974 4526 2058 4571 Ar.
2094 4526 2187 4571 Av.
2224 4523 2593 4582 4⁹14,Longin.
2630 4521 2695 4569 de
2725 4522 2870 4570 Subl.
2902 4523 2981 4570 28.
2999 4548 3067 4557 -

611 4585 655 4647 ⁴)
689 4586 768 4635 Of.
814 4591 898 4636 Ar.
943 4588 1078 4637 Ναὶ).
1127 4591 1242 4636 219.
1295 4616 1352 4623 -
1399 4587 1444 4649 ⁶)
1479 4588 1574 4637 Die
1609 4588 1985 4654 Herreehaften,
2034 4590 2103 4638 lec
2140 4604 2279 4654 qens.
2324 4590 2460 4638 Item
2506 4604 2582 4638 vs.
2636 4591 2749 4637 282.
2796 4614 2863 4623 -
2908 4585 2951 4652 ⁶)
2986 4587 3065 4636 Cf.

615 4653 754 4703 Diuo.
793 4656 905 4703 195.
942 4680 1008 4691 —-
1043 4653 1087 4719 ⁷)
1120 4654 1198 4703 Cf.
1233 4656 1370 4704 Dise.
1409 4658 1524 4705 807.
