3519 5416
1418 611 1898 657 cmctJM'roNSA.

873 782 1257 861 ἀπελήλυθεν
1305 778 1360 844 δ’
1394 780 1468 843 οὖ
1516 782 1669 842 κατὰ
1712 780 1938 863 τρόπον
1987 798 2100 843 σου
2147 781 2458 861 χρωμένου

431 900 561 959 230

876 897 1048 982 αὐτῇ.

1417 1035 1887 1095 ΠΟΛΕΜΩΝ.

1092 1149 1153 1207 τί
1190 1148 1349 1226 φὴςῧ
1395 1146 1470 1209 οὗ
1518 1146 1669 1207 κατὰ
1714 1147 1978 1223 τρόπεως
2024 1147 2191 1209 τουτί
2233 1170 2304 1225 με
2349 1156 2469 1207 τῶν

870 1261 1117 1321 πάντων
1163 1262 1504 1340 λελύπηκας
1551 1256 1774 1339 μάλιστ’
1827 1260 2030 1322 εἰπών.

1420 1427 1887 1486 ΠΑΤΑΙΚΟΣ.

2073 1538 2226 1623 ἐρᾷς·

866 1650 1016 1715 τοῦτ’
1070 1646 1187 1714 οἶδ’
1239 1650 1517 1733 ἀκριβῶς·
1564 1649 1719 1715 ὥσθ’
1773 1649 1807 1714 ὃ
1854 1650 1964 1731 μὲν
2010 1651 2152 1714 νυνὶ
2195 1658 2363 1725 ποεῖς

866 1767 1254 1847 ἀπόπληκτόν
1301 1766 1437 1829 ἔστι.
1488 1773 1605 1829 ποῖ
1640 1765 1811 1847 φέρει
1856 1768 1998 1847 γάρ,
2043 1764 2084 1846 ἣ
2129 1770 2264 1827 τίνα

865 1880 1059 1957 ἅξων;
1104 1880 1322 1961 ἑαυτῆς
1370 1877 1479 1942 ἐστ’
1532 1880 1735 1959 ἐκείνη
1782 1882 1983 1962 κυρία.

427 1998 551 2057 235

868 2108 1083 2189 ἐρῶντί
1124 2104 1169 2171 τ’
1219 2108 1394 2173 ἐστίν.

864 1995 1080 2058 λοιπὸν
1124 1994 1189 2057 τὸ
1235 1995 1479 2057 πείθειν
1522 2007 1601 2081 τῷ
1647 2005 1847 2069 κακῶς
1892 1992 2248 2080 διακειμένῳ

1412 2261 1880 2322 ΠΟΛΕΜΩΝ.

1444 2372 1476 2435 ὁ
1524 2372 1591 2436 δὲ
1636 2371 2028 2455 διεφθαρκὼς
2073 2371 2220 2450 ἐμοῦ

862 2486 1125 2562 ἀπόντος
1171 2488 1365 2568 αὐτὴν
1413 2489 1525 2551 οὐκ
1571 2487 1780 2550 ἀδικεῖ
1815 2484 1908 2567 μ’;

484 2674 597 2721 229.
634 2670 963 2732 *ἀπελήλυθεν
996 2674 1073 2734 δ’]
1109 2676 1368 2735 αποληλυθ’
1408 2676 1539 2732 cod„
1574 2674 1832 2735 &xciiij-Y
1868 2670 1948 2722 οὖν
1982 2674 2106 2722 Ῑιθο.

485 2754 599 2800 231.
634 2750 795 2817 *ὃρᾷς]
832 2771 955 2818 apua
993 2754 1127 2814 cod„
1162 2758 1275 2819 ἱροῖς
1308 2755 1421 2802 Lei’.
1457 2757 1599 2817 (post
1634 2757 1755 2802 τοῦτ’
1798 2753 2214 2815 interplangens).
2252 2754 2329 2801 of.
2365 2766 2441 2801 vs.
2477 2754 2590 2800 286.

485 2833 597 2880 238.
632 2833 759 2880 Post
807 2836 905 2880 δστι
950 2837 1004 2880 et
1052 2835 1174 2894 post
1220 2838 1310 2898 γάρ
1360 2836 1412 2881 in
1457 2836 1571 2882 cod.
1619 2837 1745 2892 este,
1792 2837 1962 2882 totum
2004 2846 2212 2881 versum
2267 2834 2490 2881 Pataeco
2541 2833 2865 2880 continuavit

416 2909 635 2960 Croiset.

484 3017 544 3027 —
582 2999 668 3038 ποτ
695 2989 869 3056 vWil.]
902 3007 996 3040 nov
1031 2993 1145 3042 cod.

496 3159 841 3216 229-231.
903 3160 1095 3217 Aliter
1147 3162 1330 3229 atque
1382 3160 1585 3216 Patae·

412 3268 522 3308 cus
563 3251 801 3308 volebat
844 3252 1091 3309 Polemo
1136 3253 1388 3308 verbum
1419 3258 1587 3321 χρῆσ-

412 3351 503 3400 θαι
557 3345 853 3414 accipiens
906 3346 1150 3413 egregie
1203 3345 1587 3414 indignatum

410 3453 555 3494 nam
610 3437 928 3507 Glyceram
984 3440 1169 3508 probe
1212 3441 1587 3506 strenueque

410 3532 655 3587 amavit.
699 3531 1079 3601 Quapropter
1122 3532 1443 3589 subridens
1486 3533 1583 3587 Pa-

412 3625 623 3680 taecus
712 3624 1019 3680 intellecto
1102 3639 1333 3681 errore:
1419 3639 1587 3681 amas

414 3721 581 3774 eam!
614 3717 684 3772 Id
725 3718 855 3774 ηουί
894 3711 1077 3772 sane!
1117 3720 1467 3786 respondet.
1508 3749 1586 3758 -

414 3810 500 3864 Ex
565 3811 777 3866 eodem
835 3809 1105 3866 iocorum
1162 3825 1386 3879 genere
1440 3808 1587 3867 haec

412 3904 560 3958 sunt
599 3904 784 3972 atque
826 3917 980 3971 quae
1023 3917 1212 3972 supra
1252 3905 1325 3959 ad
1362 3903 1584 3960 Habro-

358 3991 367 3997 '
412 3997 601 4051 tonon
644 3994 797 4050 dixit
837 3995 1107 4053 Polemo.

493 4117 571 4128 --
615 4091 756 4142 κατὰ
809 4091 1044 4157 τρόπον]
1093 4089 1301 4160 probe,
1354 4091 1500 4143 recte
1522 4085 1584 4154 1).

493 4179 629 4239 232.
687 4182 860 4248 ποεῖς]
902 4180 1150 4247 molirier,
1196 4183 1265 4236 ut
1308 4195 1587 4238 arcessas
1631 4227 1637 4239 .

410 4270 637 4330 milites
676 4272 753 4330 ad
780 4273 1125 4343 Myrrhinae
1154 4275 1333 4331 aedes
1361 4289 1585 4343 expug-

406 4367 660 4422 nandaS.

1769 3160 1886 3216 235
1942 3174 2031 3227 sq.
2087 3166 2170 3228 τῷ
2229 3164 2411 3223 κακῶς
2466 3161 2793 3228 διακειμένῳ
2847 3163 2855 3221 Ι

1687 3253 1888 3320 ἐρῶντί
1939 3253 2024 3319 τε]
2068 3252 2104 3306 i.
2128 3266 2180 3307 e.
2223 3258 2305 3320 τῷ
2349 3253 2408 3304 ἐν
2452 3254 2618 3319 ἔρωτι
2661 3255 2858 3306 δυστυ-

1686 3351 1906 3412 χοῦντι,
1935 3346 2033 3400 est
2062 3344 2225 3399 enim
2255 3343 2586 3413 particulae
2614 3363 2676 3399 τε
2697 3359 2861 3400 nunc

1684 3452 1755 3493 ea
1811 3438 1902 3493 vis
1959 3451 2114 3505 quae
2156 3437 2483 3506 particulae
2527 3439 2617 3492 καί
2657 3439 2753 3494 est
2797 3438 2857 3493 in

1683 3530 2092 3586 locutionibus
2124 3534 2312 3594 πολιὸς
2347 3536 2434 3584 καί
2455 3533 2653 3599 γέρων,
2677 3533 2859 3599 γέρων

1684 3628 1774 3677 καὶ
1817 3626 2058 3691 σαπρός,
2101 3622 2423 3678 similibus

1766 3718 1901 3773 236.
1961 3718 2331 3785 διεφθαρκὼς]
2389 3715 2688 3772 recentior
2731 3731 2850 3785 per·

1683 3811 1826 3866 fecti
1873 3810 2096 3879 forma,
2139 3811 2206 3865 ut
2251 3811 2504 3876 πέπληχα
2525 3805 2592 3873 ²).
2651 3809 2856 3864 Potuit

1683 3916 1834 3958 sane
1889 3903 1948 3957 h.
1978 3902 2016 3956 l.
2075 3901 2253 3957 scribi
2308 3902 2648 3968 διεφθορώς,
2704 3915 2856 3969 quae

1683 3996 1848 4051 certa
1889 3995 1986 4050 est
2025 3993 2220 4050 forma
2247 3994 2311 4049 in
2339 3993 2649 4049 Menandri
2675 4007 2855 4048 versu

1683 4088 1836 4143 hoc:
1879 4089 1924 4141 εἰ
1968 4089 2023 4141 δ’
2063 4090 2212 4142 ἐστιν
2258 4089 2422 4151 οὗτος
2462 4091 2566 4155 τὴν
2609 4089 2781 4154 κόρην
2823 4090 2854 4140 ὁ

1685 4181 2008 4248 διαφθορώς
2030 4176 2095 4246 3).

1763 4303 1844 4312 —
1899 4276 2034 4338 ἐμοῦ
2093 4273 2355 4340 ἀπόντος]
2413 4271 2550 4326 dum
2592 4272 2654 4325 in
2697 4287 2851 4341 eape-

1682 4367 1894 4422 dicione
1927 4382 2164 4438 pereqre
2205 4365 2500 4420 versabar.

474 4613 513 4680 ¹)
547 4618 681 4664 Item
716 4618 853 4664 Men.
889 4619 952 4664 fr.
989 4619 1085 4665 247
1122 4617 1400 4679 Antiphan.
1433 4613 1520 4666 39²
1554 4617 1697 4665 Alex.
1730 4619 1829 4665 280
1861 4619 2072 4677 Dionys.
2104 4615 2172 4666 2⁸.
2203 4643 2266 4652 —
2299 4613 2336 4678 2)
2369 4617 2445 4665 Of.
2475 4616 2614 4664 Dine.
2645 4617 2761 4665 42¹2.
2786 4641 2854 4650 —

404 4679 449 4748 ³)
482 4686 619 4733 Men.
654 4686 715 4732 fr.
754 4687 801 4733 3.

2757 598 2876 657 101
2975 686 2998 708 ⁰
