3519 5416
1397 619 1898 667 mecum-Amne.
2102 609 2105 612 ’
2786 603 2871 662 33

865 792 1311 875 Χαιρέστρατον
1356 801 1475 854 νῦν
1518 789 1632 873 γὰρ
1680 798 1986 869 μενοῦμεν
2036 786 2290 865 ἐνθάδε,

862 911 944 983 εἷς
992 907 1212 988 αὔριον
1250 903 1305 968 δ’
1362 901 1447 968 ἐπ’
1501 905 1679 986 ἔργον
1725 903 2138 984 ἐξορμήσομεν

859 1024 969 1102 τὴν
1017 1019 1345 1101 ἀποφορὰν
1394 1019 1741 1092 ἀποδόντες.
1796 1055 1875 1066 —-—
1927 1015 2077 1078 ἀλλὰ
2124 1026 2313 1078 ταῦτα
2363 1017 2461 1077 δεῖ

861 1131 1038 1218 πρῶτ’
1094 1135 1526 1217 ἀπαριθμῆσαι
1573 1128 1713 1194 καθ’
1766 1131 1848 1194 ἕν.
1895 1132 2043 1212 ἔχεις
2088 1131 2324 1193 κοιτίδα
2370 1131 2533 1202 τινάς

426 1259 550 1317 165
863 1246 1030 1332 βάλλ’
1086 1249 1170 1323 εἰς
1216 1249 1282 1311 τὸ
1327 1247 1720 1329 προκόλπιον.

806 1362 1013 1427 (Sinum
1047 1359 1222 1409 tendit
1255 1359 1464 1420 mulier,
1497 1361 1620 1408 dum
1659 1358 1869 1418 singula
1902 1355 2098 1419 promit
2133 1358 2387 1417 Syriaeue.
2420 1382 2487 1392 —

1083 1442 1088 1447 “
1135 1440 1380 1488 Procedit
1415 1453 1479 1487 ex
1513 1437 1735 1486 aedibus
1768 1435 2157 1500 Onesimus.)

1318 1652 1603 1708 SOENA
1645 1651 1997 1708 TERTIA„

1207 1822 1604 1897 Syriaeue,
1659 1820 2093 1882 Onesimus,

1405 1985 1894 2044 ΟΝΗΣΙΜΟΣ.

1529 2091 1781 2156 (seeumz)

1777 2187 2069 2267 μάγειρον
2114 2187 2487 2266 βραδύτερον

868 2302 1071 2378 οὐδεὶς
1116 2301 1355 2384 idquae!
1405 2295 1710 2381 τηνικαῦτ’
1765 2297 1937 2380 ἐχθὲς
1983 2300 2171 2361 πάλαι

868 2417 1101 2481 ἔπινον.

1427 2531 1874 2590 ΣΥΡΙΣΚΟΣ.

1133 2641 1337 2705 οὑτοσὶ
1385 2641 1495 2723 μὲν
1543 2637 1699 2704 εἶναι
1745 2643 2029 2720 φαίνεται

2617 2774 2859 2781 ————--—--——

499 2806 592 2851 163
627 2816 706 2864 sq.
743 2801 846 2851 *δεῐ
873 2829 940 2839 -
973 2806 1341 2868 ἀπαριθμῆσαι]
1374 2824 1453 2865 μοι
1492 2830 1551 2839 -
1587 2807 1927 2867 ἀπαρίθμησαι
1961 2801 2070 2851 Les.
2106 2818 2225 2852 eum
2261 2803 2375 2852 eod.

511 2959 846 3015 161—163.
890 2958 1082 3016 Hodie
1113 2960 1301 3027 igitur
1333 2960 1428 3016 vel
1461 2974 1595 3015 oras

422 3052 890 3108 Chaerestratus
946 3054 1306 3122 expectatur
1347 3067 1488 3108 rure
1529 3055 1590 3107 in

423 3143 528 3199 filii
568 3144 848 3209 aedibus,
884 3159 1002 3213 quo
1037 3160 1206 3201 more
1242 3145 1426 3201 solito
1461 3159 1596 3199 ven-

421 3239 598 3292 turus
655 3246 753 3292 est
808 3252 968 3293 novo
1020 3252 1232 3293 mense
1275 3237 1530 3293 ineunte
1555 3233 1597 3303 1)

423 3330 498 3385 ad
552 3328 920 3397 colligendas
970 3329 1416 3399 mancipiorum
1463 3344 1600 3399 pen-

425 3422 630 3478 siones
675 3421 793 3477 sibi
838 3422 1070 3478 debitas
1093 3418 1161 3487 ²).

514 3515 643 3570 165.
681 3516 756 3579 εἰς
789 3517 857 3569 τὸ
891 3516 1254 3583 προκόλπιον]
1294 3514 1434 3570 alibi
1463 3530 1598 3571 nos-

429 3608 548 3662 ter:
608 3611 732 3671 θεὸς
787 3609 968 3673 οὐδεὶς
1025 3608 1100 3671 εἰς
1148 3610 1215 3661 τὸ
1259 3610 1600 3675 προκόλπιον

1693 2960 1793 3015 hoc
1842 2960 1955 3015 diei
1994 2962 2242 3030 tempore
2274 2959 2415 3029 finis
2462 2962 2587 3014 erat
2628 2960 2875 3015 cenandi

1694 3053 1744 3106 et
1799 3052 2033 3107 initium
2080 3052 2255 3123 fiebat
2295 3053 2745 3123 compotationis.
2792 3082 2871 3093 —-

1694 3143 1837 3199 Dies
1877 3144 1999 3201 iam
2040 3144 2235 3212 vergit
2275 3158 2493 3200 versus
2532 3144 2716 3200 finem
2739 3140 2804 3211 ⁴).

1782 3237 2117 3294 167—187.
2180 3236 2398 3306 Signa,
2462 3250 2615 3304 quae
2679 3240 2874 3293 mater

1699 3330 1951 3398 puerulo
1973 3330 2251 3386 adiunxit
2273 3344 2411 3385 oum
2434 3332 2875 3401 exponeretur,

1699 3424 2123 3492 recensentur;
2182 3425 2331 3479 sunt
2390 3425 2595 3478 autem
2651 3422 2875 3479 anulus

1699 3514 2109 3585 signatorius,
2152 3530 2334 3583 quem
2373 3514 2637 3571 detraxit
2671 3515 2878 3572 iuveni

1699 3606 1814 3661 sibi
1856 3607 2101 3676 ignoto,
2146 3622 2183 3663 a
2221 3622 2341 3676 quo
2384 3608 2443 3662 in
2476 3608 2747 3664 tenebris
2778 3611 2876 3665 est

433 3701 588 3766 φέρει
626 3702 635 3766 Ι
671 3702 960 3767 ἀργύριον,
997 3702 1120 3754 ἀλλ’
1161 3702 1370 3754 ἔδωκεν
1406 3703 1602 3763 εὔνους
1700 3700 1955 3769 violata,
2019 3702 2081 3755 et
2142 3703 2212 3754 τὰ
2276 3701 2473 3767 χρυσία
2535 3716 2688 3768 quae
2743 3702 2878 3770 ipsa

428 3793 725 3858 γενόμενος
761 3790 769 3867 Ι
805 3795 984 3860 πόρον
1017 3795 1127 3847 κτὲ.
1159 3808 1274 3847 ‘non
1307 3792 1372 3847 in
1400 3794 1599 3847 sinum
1700 3791 1901 3861 puella
1954 3793 2219 3860 gestavit
2240 3788 2302 3863 5),
2355 3793 2705 3849 Cuiusmodi
2748 3812 2875 3861 χρυ-

429 3883 589 3939 nobis
641 3886 818 3953 infert
857 3885 1170 3957 pecuniam
1211 3900 1428 3940 numen
1471 3902 1602 3940 cum
1700 3886 1793 3939 σία
1856 3882 2053 3939 multa
2107 3888 2664 3941 commemorantur
2716 3885 2878 3941 inter

429 3976 754 4032 benevolum
799 3980 901 4047 est,
945 3978 1045 4034 sed
1073 3978 1344 4048 parandi
1366 3978 1602 4049 praebet
1701 3978 1861 4033 dona
1922 3976 2130 4033 votiva
2190 3976 2415 4033 Dianae
2472 3976 2874 4048 Brauroniae,

427 4070 776 4125 occasionem
801 4065 865 4137 3).
1649 4025 1654 4180 ι
1702 4084 1857 4137 quae
1905 4068 2165 4125 Athenis
2208 4068 2267 4123 in
2312 4068 2738 4138 opisthodomo
2780 4072 2874 4126 Mi-

513 4163 641 4219 166.
670 4162 832 4233 Heri,
856 4178 993 4220 cum
1018 4162 1170 4219 alius
1189 4162 1603 4231 coquusisque
1701 4177 1926 4219 nervae
1983 4161 2126 4218 olim
2184 4163 2659 4218 asservabantur
2682 4159 2746 4229 6).
2787 4164 2876 4218 Di·

424 4254 734 4323 aliquanto
767 4254 972 4312 minus
996 4255 1205 4324 segnis
1229 4270 1439 4311 cenam
1459 4256 1604 4310 hero
1650 4219 1655 4356 ἱ
1705 4253 1758 4311 vi
1770 4258 1891 4310 torn
1914 4255 2103 4310 fuisse
2126 4254 2389 4324 puellam
2412 4258 2877 4311 emonumentis

424 4347 675 4416 eiusque
701 4348 974 4405 convivis
997 4350 1352 4418 apparabat,
1383 4348 1605 4403 dudum
1651 4387 1656 4435 Ι
1703 4347 1799 4402 his
1856 4348 2145 4416 pretiosis
2206 4380 2273 4387 —
2337 4363 2479 4404 nam
2538 4348 2677 4404 vilia
2719 4351 2877 4417 quod

495 4546 536 4607 ¹)
575 4550 652 4597 of.
697 4550 835 4597 mut.
883 4548 1046 4596 Aioib.
1097 4550 1159 4596 20
1207 4551 1260 4595 et
1305 4549 1558 4597 Andocid.
1602 4550 1627 4595 1
1675 4550 1704 4609 ξ
1754 4553 1833 4596 33.
1870 4574 1935 4584 -
1972 4521 2013 4609 ²j
2051 4550 2127 4596 of.
2164 4564 2239 4597 vs.
2279 4552 2324 4596 1.
2360 4576 2425 4585 —
2461 4547 2505 4609 ³)
2541 4550 2624 4597 rr.
2663 4551 2778 4596 201.
2812 4576 2878 4585 -

425 4611 469 4678 ⁴)
499 4614 578 4662 cr.
624 4629 700 4663 vs.
743 4618 854 4664 19⁷.
893 4644 951 4651 -
989 4614 1032 4675 5)
1067 4614 1143 4664 cf.
1188 4619 1272 4663 Ar.
1313 4618 1436 4665 Ach.
1470 4620 1568 4665 πε
1605 4620 1696 4664 Av.
1733 4620 1849 4666 οπο.
1888 4644 1948 4653 -
1984 4614 2023 4676 ⁰)
2061 4619 2190 4665 οισι.
2237 4620 2327 4664 150
2364 4616 2595 4676 ‹Boeekh
2632 4614 2881 4664 Stantem

425 4682 480 4730 11
514 4697 566 4744 p.
601 4685 698 4731 213
730 4698 865 4745 sqq„
898 4686 1130 4733 Dittenb.
1166 4680 1317 4744 Syll.1
1353 4687 1488 4746 866).

536 4782 822 4816 numum.
2636 4770 2665 4811 3
