3519 5416
1592 619 1686 664 vll

411 806 562 852 cum
623 791 806 852 Davo
869 790 1268 851 Menandreo
1329 790 1647 852 dicentes
1709 791 1851 851 Non
1912 806 2118 867 nego:
2181 807 2430 853 nonum
2498 792 2602 853 vel
2662 793 2864 855 etiam

409 908 687 968 tertium
757 906 1214 968 secundumve
1282 906 1348 966 in
1427 921 1677 972 annum
1761 921 1993 980 pressa
2061 906 2225 968 talia
2296 907 2664 968 maturiora
2729 906 2870 968 fieri

409 1023 653 1100 solent,
741 1025 810 1084 et
892 1022 958 1082 in
1043 1019 1513 1095 Aristophanis
1581 1017 1823 1080 fabulis
1892 1020 2163 1081 edendis
2232 1022 2576 1095 aliquanto
2642 1020 2871 1082 minus

409 1137 693 1198 celerem
740 1152 850 1197 me
895 1135 1218 1210 praestiti.
1272 1135 1397 1195 Sed
1445 1136 1561 1195 aut
1620 1134 1783 1195 haec
1826 1148 2002 1195 nunc
2048 1135 2266 1196 danda
2309 1136 2499 1196 erant
2541 1138 2659 1196 aut
2703 1134 2866 1195 nihil

408 1251 730 1312 eiusmodi
800 1251 1120 1326 dandum,
1193 1253 1262 1311 et
1321 1248 1426 1309 vel
1497 1263 1672 1309 nunc
1741 1249 2033 1324 proferre
2100 1264 2296 1324 posse
2364 1248 2531 1308 mihi
2601 1249 2868 1310 videbar

407 1379 575 1438 quae
644 1379 854 1438 neque
922 1363 1189 1425 inutilia
1247 1363 1466 1424 forent
1527 1362 1901 1438 legentibus
1958 1378 2170 1438 neque
2230 1363 2510 1440 ingrata.
2571 1363 2863 1425 Tertiam

407 1482 633 1539 autem
681 1479 1042 1540 editionem
1094 1478 1372 1539 ornandi
1419 1477 1478 1536 si
1523 1477 1783 1550 quando
1828 1477 2246 1553 praebebitur
2294 1479 2579 1554 occasio,
2626 1512 2707 1522 --
2754 1477 2865 1555 τὴν

406 1586 461 1651 δ’
520 1590 900 1670 Ἀδράστειαν
962 1591 1215 1669 μάλιστα
1273 1600 1392 1652 νῦν
1448 1589 1735 1680 δςδοικὼς
1783 1599 2133 1670 προσκυνῶ,
2176 1593 2252 1652 ut
2298 1591 2697 1653 Moschionis
2744 1593 2868 1653 viri

403 1706 702 1781 ingenui,
775 1721 902 1768 non
972 1706 1139 1767 Davi
1207 1706 1460 1767 servuli
1531 1706 1748 1770 verbis
1812 1708 1985 1781 utar,
2060 1739 2141 1749 —
2213 1720 2479 1780 operam
2552 1705 2720 1766 dabo
2788 1709 2865 1766 ut

403 1820 704 1881 auctiora
762 1821 924 1883 haec
980 1821 1319 1910 prodeant.
1367 1821 1644 1881 Interim
1696 1820 1850 1880 boni
1896 1819 2252 1880 consulant
2299 1819 2497 1880 velim
2546 1819 2864 1894 legentes.

496 2049 744 2109 Gratus
791 2052 856 2109 et
902 2049 1192 2109 editione
1237 2049 1559 2122 principe,
1611 2063 1809 2121 quam
1860 2049 2120 2108 curavit
2156 2048 2601 2124 Lnrnnnmus,
2649 2049 2861 2109 denuo

401 2178 568 2222 usus
629 2178 808 2237 sum,
872 2165 938 2222 et
1001 2161 1705 2237 commentationibuS‚
1769 2177 1937 2234 quas
1998 2161 2408 2235 scripserunt
2468 2162 2593 2222 viri
2650 2163 2857 2239 docti,

401 2291 682 2352 quorum
745 2276 1017 2336 nomina
1076 2275 1306 2336 ordine
1367 2273 1788 2350 alphabetico
1852 2275 2177 2335 collocata
2232 2275 2659 2351 subiungam,
2705 2277 2860 2336 stel-

400 2391 541 2452 lula
602 2406 715 2451 eas
777 2390 1078 2451 indicans
1135 2389 1532 2464 scriptiones
1593 2405 1761 2462 quas
1823 2390 2049 2482 etiam·
2081 2390 2223 2450 tum
2272 2403 2421 2448 cum
2472 2389 2860 2464 proecdosin

405 2505 718 2566 curabam
768 2505 968 2565 habui
1016 2505 1316 2580 cognitas
1338 2522 1352 2564 ε

497 2734 575 2794 H.
648 2748 777 2794 von
849 2734 1074 2793 Anum
1144 2735 1469 2795 Zeitschr.
1547 2734 1591 2794 f.
1663 2741 1897 2794 osterr.
1973 2732 2213 2807 Gymn.
2300 2734 2381 2793 31
2454 2732 2606 2796 Dec.
2684 2737 2849 2795 1907

672 2866 732 2925 p.
788 2851 1250 2911 1057-1081,

499 3002 780 3009 —---——
834 2965 1119 3025 Hermes
1171 2965 1340 3025 1908
1389 2980 1450 3039 p.
1507 2966 1651 3025 168.

497 3078 546 3137 L
595 3078 807 3138 Bonm
855 3080 924 3138 et
969 3078 1039 3139 P.
1090 3078 1327 3139 MAzon
1373 3078 1674 3139 Extraits
1719 3079 1800 3139 de
1848 3078 2200 3139 Menandre
2248 3079 2433 3139 Paris
2487 3079 2676 3139 1908.

833 3193 1061 3255 Revue
1109 3193 1189 3254 de
1236 3192 1595 3268 philologie
1649 3193 1820 3252 1908
1869 3208 1929 3267 p.
1981 3192 2269 3253 68-76.

494 3306 573 3366 Μ.
626 3306 902 3367 CRo1snzr
946 3306 1219 3367 Journal
1267 3307 1383 3368 des
1431 3309 1712 3368 savants
1759 3308 1888 3366 oct.
1940 3309 2007 3366 et
2053 3306 2192 3366 dec.
2248 3307 2439 3367 1907.

493 3419 645 3490 (W.)
692 3420 1083 3491 omonimum)
1128 3416 1366 3481 *Liten
1416 3419 1855 3481 Zentralblatt
1895 3420 1982 3480 30
2028 3420 2191 3479 Nov,
2248 3421 2439 3481 1907.

493 3536 556 3593 S.
622 3534 876 3595 Errmm
939 3535 1110 3596 Berl.
1175 3534 1334 3610 phil.
1390 3533 1926 3595 Wochenschrift
1974 3536 2041 3593 et
2088 3532 2626 3595 Wochenschrift
2668 3535 2717 3596 f.
2765 3535 2857 3599 kl.

669 3647 1055 3723 Philologie.

492 3759 593 3820 W.
627 3761 966 3821 HnAnLAM
991 3761 1452 3821 Restorations
1477 3762 1550 3822 of
1569 3762 1923 3823 Menander
1946 3761 2341 3837 Cambridge
2368 3762 2451 3822 22
2476 3763 2621 3822 Jan.
2657 3764 2847 3825 1908.

489 3874 560 3935 O.
589 3876 856 3945 Hfflnsn)
882 3874 1051 3934 Berl.
1079 3874 1238 3947 phil.
1263 3874 1802 3935 Wochenschrift
1832 3876 1885 3951 1,
1916 3876 2000 3934 22
2022 3875 2226 3951 Febr„
2258 3876 2317 3951 ¹7,
2349 3876 2432 3936 28
2456 3877 2633 3936 Marz
2657 3878 2847 3938 1908.

491 3989 567 4048 H.
596 4003 734 4047 vAN
761 3988 1188 4047 Hnawnnnnx
1213 3986 1382 4046 Berl.
1411 3985 1569 4062 phil.
1596 3987 2137 4048 Wochenschrift
2161 3982 2282 4048 *18
2302 3990 2368 4049 et
2384 3991 2465 4049 25
2484 3990 2627 4049 Jan.
2656 3990 2845 4051 1908.

490 4103 568 4161 Α.
616 4102 686 4161 Ε.
736 4102 1071 4163 Housman
1119 4099 1434 4161 Classical
1483 4100 1835 4177 Quarterly
1881 4102 2063 4176 April
2120 4103 2309 4163 1908.

491 4215 566 4275 A.
639 4216 864 4276 Koara
933 4216 1179 4277 Archiv
1251 4217 1356 4275 fur
1424 4214 2092 4292 Papyrusforschung
2158 4219 2233 4277 11
2298 4217 2482 4278 Febr.
2546 4218 2714 4277 1908
2783 4233 2844 4293 p.

673 4331 1048 4390 502-525.

828 4444 1112 4504 Hermes
1165 4445 1334 4506 1908
1383 4460 1445 4521 p.
1497 4444 1874 4505 299-806,

845 4558 962 4619 Die
1025 4558 1628 4635 Komodienpapyri
1670 4574 1798 4621 von
1854 4558 2118 4622 Ghoran
2167 4561 2287 4631 (ed.
2336 4561 2642 4637 Jouguet)
2689 4560 2845 4622 Her-

669 4687 810 4732 mes
865 4673 1032 4733 1908
1084 4689 1144 4749 p.
1196 4673 1482 4734 38-57.
