3519 5416
1425 606 1921 651 mscsP‘rAums.
2814 591 2899 650 59

899 779 1007 856 οὐχ
1053 774 1125 837 ἵν’
1178 775 1446 854 ἀδικήσω
1492 777 1603 854 τὴν
1647 785 1961 854 τεκοῦσαν,
2006 771 2125 836 ἀλλ’
2178 777 2281 836 ἵνα

453 895 584 954 390
898 892 1048 952 κατὰ
1094 891 1313 971 σχολὴν
1359 891 1611 970 εὕροιμι.
1657 899 1775 950 νῦν
1823 885 1875 951 δ’
1931 925 2007 932 -—

1463 1055 1899 1115 ΣΩΦΡΟΝΗ.

2055 1143 2316 1222 εὕρηκας
2363 1135 2510 1216 οὖν;

1411 1256 1939 1318 ΑΒΡΟΤΟΝΟΝ.

899 1369 1021 1449 ὁρῶ
1067 1370 1180 1452 γὰρ
1217 1367 1306 1448 ἣν
1350 1369 1454 1431 καὶ
1498 1370 1647 1434 τότε.

1463 1523 1900 1583 ΣΩΦΡΟΝΗ.

1691 1637 1852 1709 τίνος
1901 1631 1955 1696 δ’
2011 1634 2169 1696 ἐστὶν
2215 1635 2474 1714 πατρόςς

1411 1789 1625 1848 ΑΒΡΟ
1633 1788 1940 1847 ΤΟΝΟΝ.

911 1878 1218 1956 Χαρισίου.

1462 1972 1901 2051 ΣΩΦΡΟΝΗ.

1269 2101 1423 2166 τοῦτ’
1474 2099 1632 2167 οἶσθ’
1686 2103 1979 2186 ἀκριβῶς,
2025 2105 2313 2182 φιλτάτηὶ

906 2219 1203 2296 Χαρισίου
1250 2215 1456 2291 τοῦδ’;

1415 2367 1977 2443 ΑΒΡοΤοΝοΝ.’

1497 2489 1572 2557 οὗ
1617 2518 1683 2577 γε
1725 2496 1838 2574 τὴν
1887 2497 2136 2574 νύμφην
2188 2493 2325 2573 ὁρῶ.

1464 2659 1903 2720 ΣΩΦΡΟΝΗ.

901 2773 1009 2851 τὴν
1057 2772 1236 2834 ἔνδον
1285 2766 1508 2844 οὖσανς

523 2956 620 2999 393
644 2952 810 3000 -395,
847 2950 962 2999 *Sic
997 2951 1258 3011 distribui,
1295 2959 1347 2999 et
1381 2967 1453 2999 vs.
1490 2954 1592 2999 393
1631 2954 1789 3000 verba
1823 2950 2092 3015 *Χαρισίου
2122 2954 2283 3007 τοῦδ’,·
2309 2954 2570 3014 supplevi,
2602 2952 2903 2999 ΑΒΡ.’τοῦτ’

457 3028 578 3086 οἶδα,
623 3033 809 3091 μάλιστ’
863 3030 910 3086 ἒξ
956 3030 1010 3080 οὗ
1053 3052 1103 3092 γε
1147 3058 1214 3067 -
1259 3028 1418 3079 οὖσαν.
1462 3033 1561 3079 ΣΩ.
1603 3040 1746 3093 uulf.
1784 3036 1937 3079 ABP.
1972 3039 2184 3096 μακαρία
2218 3058 2283 3067 -
2319 3041 2479 3093 σαφῶς
2511 3032 2607 3093 (vt.
2644 3034 2761 3091 898)
2796 3032 2909 3079 Les.

458 3112 725 3170 (croiset).

539 3272 655 3326 389
675 3286 762 3339 sq.
787 3272 1386 3339 ἀδικήσω...εὕροιμι]
1411 3274 1470 3327 et
1494 3274 1635 3327 sub·
1735 3273 1969 3341 periora
2018 3274 2319 3328 maestam
2363 3272 2711 3339 confugisse
2751 3271 2903 3338 iam,

405 3348 420 3363 ”
455 3363 761 3419 iunctivus
798 3366 860 3419 et
898 3364 1209 3432 optativus
1246 3366 1407 3421 recte
1430 3364 1634 3433 habel,
1735 3366 1879 3420 dum
1958 3364 2111 3421 infra
2184 3365 2445 3431 regnant
2508 3363 2779 3418 Bacchus
2844 3366 2906 3417 et

457 3471 599 3514 nam
631 3459 838 3511 ἀδικεῖν
877 3458 1136 3511 matrem
1174 3456 1447 3525 ignotam
1472 3458 1633 3512 illam
1733 3457 1975 3527 venua,
2034 3459 2103 3512 ut
2156 3456 2216 3511 in
2261 3455 2529 3511 thalamo
2571 3453 2769 3523 aliquo
2813 3456 2903 3510 de·

457 3550 807 3605 etiamnunc
861 3551 1097 3619 potest,
1156 3550 1258 3605 sed
1307 3556 1410 3603 τοῦ
1455 3553 1635 3617 εὑρεῖν
1732 3550 1902 3605 fleret
1978 3548 2182 3605 mariti
2251 3563 2523 3605 amorem
2587 3548 2904 3604 amissum.

459 3640 596 3695 finis
637 3644 751 3697 est.
1735 3643 1981 3710 Iamque
2038 3641 2327 3711 prospicit
2380 3656 2486 3710 per
2540 3641 2905 3709 fenestram,

541 3732 675 3788 390.
718 3734 891 3790 Nunc
925 3736 1190 3804 primum
1225 3735 1484 3803 adspicit
1519 3735 1632 3789 Ha·
1734 3738 1803 3790 ut
1843 3734 2183 3791 Philocleon
2230 3733 2719 3803 Aristophaneus
2742 3730 2786 3797 2)
2813 3734 2906 3787 vel

458 3826 756 3881 brotonon
802 3827 1200 3896 Pamphilam.
1253 3826 1445 3894 Quam
1491 3830 1633 3883 ante
1733 3831 1905 3881 κακὸν
1949 3832 2154 3894 ἐκεῖνο,
2198 3829 2270 3883 de
2298 3841 2416 3894 quo
2448 3827 2639 3895 lepide
2669 3826 2919 3881 iocatus

453 3917 697 3973 ianuam
731 3924 1007 3988 apertam
1033 3920 1198 3976 cerni
1221 3922 1461 3975 aedium
1484 3920 1610 3976 Smi
1731 3923 1829 3975 est
1862 3921 2125 3976 comicus
2148 3916 2209 3987 3).
2241 3919 2386 3987 Quis
2415 3923 2620 3975 autem
2653 3918 2907 3973 miretur

454 4010 664 4079 criniS,
703 4011 841 4067 illuc
873 4016 1036 4069 enim
1072 4012 1439 4081 confugisse,
1485 4015 1632 4068 sunt
1676 4080 1681 4100 Ι
1729 4027 1865 4067 eam
1929 4026 2090 4068 nunc
2139 4012 2530 4081 potissimum
2587 4012 2724 4068 inde
2779 4024 2908 4079 pro-

453 4103 554 4170 qui
597 4109 850 4160 sumant
873 4102 935 4170 1).
992 4106 1285 4174 Equidem
1330 4105 1630 4161 mansisse
1676 4109 1681 4224 1
1731 4106 1993 4175 spicere,
2029 4119 2166 4161 cum
2202 4108 2263 4161 et
2307 4105 2622 4173 infantuli,
2666 4104 2905 4172 qualem

455 4209 588 4251 eam
656 4197 716 4251 in
779 4198 1029 4253 aedibus
1094 4198 1294 4253 mariti
1350 4198 1626 4271 arbitror¹
1729 4196 1951 4263 amisit,
1992 4211 2209 4266 nuper,
2282 4198 2561 4265 vagitum
2618 4196 2906 4265 percipiat

457 4290 561 4344 sed
619 4320 694 4329 —
748 4289 838 4345 ita
889 4288 1016 4347 fere
1072 4293 1142 4347 ut
1185 4291 1521 4358 Penelopen
1566 4290 1627 4345 in
1730 4293 1791 4345 et
1868 4290 2123 4345 nutricis
2200 4304 2405 4345 vocem
2484 4304 2621 4345 cum
2685 4288 2908 4357 paelice

457 4379 730 4449 Odyssea
771 4386 985 4438 nostra
1032 4415 1097 4423 —
1143 4384 1204 4437 in
1247 4383 1488 4438 aedium
1535 4398 1628 4436 su·
1727 4380 2147 4449 colloquentis.

459 4604 565 4722 8⁷¹7)
598 4608 706 4656 Leo
745 4610 848 4656 alii.
901 4637 958 4645 —
1011 4608 1051 4671 ²)
1089 4613 1170 4656 Ar.
1219 4611 1372 4670 Vesp.
1423 4612 1535 4657 316.
1584 4636 1646 4644 -
1691 4605 1736 4665 ⁸)
1776 4610 1857 4655 Ar.
1907 4608 2118 4656 Thesm.
2158 4610 2253 4655 797
2290 4622 2429 4668 sqq.;
2469 4610 2536 4657 of.
2574 4612 2731 4656 etiam
2768 4610 2906 4657 Eccl.

594 4688 708 4734 sqq.
