3519 5416
1448 606 1945 652 uiscerum-res,
2838 594 2919 652 27

477 785 598 843 105

915 777 1288 858 ὑπερόψεται
1333 773 1521 855 ταῦτ’,
1567 777 1650 850 εἰς
1699 774 1767 838 δὲ
1810 775 1919 854 τὴν
1967 781 2161 840 αὑτοῦ
2213 780 2406 856 φύσιν

917 890 1148 969 βλέψας
1192 889 1543 969 ἐλευθέριόν
1591 914 1645 951 τι
1692 890 1993 980 τολμήσειἱ
2021 898 2216 970 ποεῖν,

915 1013 1124 1087 θηρᾶν
1168 1005 1450 1085 λέοντας,
1495 1005 1655 1067 ὅπλα
1699 1007 2041 1086 βαστάζειν,
2086 1006 2310 1088 τρέχειν

921 1119 986 1182 έν
1035 1120 1242 1203 ἀγῶσι.
1288 1119 1576 1182 τεθέασαι
1621 1122 2004 1208 τραγῳδούς,
2074 1116 2189 1182 οἷδ’
2244 1121 2349 1184 ὅτι·

920 1245 1037 1296 νῦν
1081 1244 1270 1296 ταῦτα
1317 1233 1580 1316 κατέχεις
1626 1238 1849 1297 πάντα.
1894 1234 2107 1316 Νηλέα
2154 1237 2289 1298 τινὰ

483 1354 606 1412 110

923 1351 1152 1411 Πελίαν
1199 1346 1239 1410 τ’
1295 1348 1568 1423 ἐκείνους
1614 1343 1752 1430 εὗρε
1799 1351 2143 1431 πρεσβύτης
2191 1350 2349 1432 ἀνὴρ

916 1464 1206 1542 αἰπόλος,
1251 1463 1404 1544 ἔχων
1451 1463 1590 1526 οἵαν
1637 1463 1752 1545 ἐγὼ
1800 1474 1918 1526 νῦν
1966 1463 2293 1543 διφθέραν·

920 1576 1000 1650 ὡς
1047 1574 1106 1639 δ’
1161 1572 1362 1662 ᾔσθετ’
1416 1576 1642 1650 αὐτοὺς
1689 1574 1867 1650 ὄντας
1914 1577 2105 1639 αὑτοῦ
2151 1579 2528 1658 κρείττονας,

548 1758 640 1800 lou
677 1753 994 1810 ειμι-Μαι.
1030 1752 1092 1798 fr.
1133 1753 1244 1797 722.

545 1833 658 1878 100.
692 1832 876 1893 βλέψας
918 1831 1084 1878 Bodin
1126 1831 1269 1892 (coll.
1315 1832 1438 1879 Eur.
1483 1831 1600 1891 Iph.
1646 1833 1761 1879 Aul.
1812 1832 2115 1892 1411]...o

475 1913 596 1970 ρυοὶς
627 1912 862 1966 munim,
895 1913 1087 1972 τραπεὶς
1119 1908 1340 1958 Eitrem.

547 2012 606 2022 -—
638 1986 962 2053 *δλευθίριον]
999 2007 1103 2053 ·ρον
1137 1990 1252 2036 eod.

547 2069 660 2114 108.
695 2069 824 2114 Post
853 2071 1001 2125 ἀγῶσι
1039 2071 1290 2128 punctum
1324 2065 1541 2129 scripsit
1573 2069 1835 2131 Legrand,
1872 2070 2012 2130 quod
2047 2072 2161 2119 Les.
2194 2071 2267 2128 (in
2306 2071 2651 2132 corrigendis)
2686 2077 2935 2131 posuerat

479 2149 600 2205 poet
634 2146 830 2210 τρέχειν.

493 2229 613 2236 —..—
652 2230 1217 2237 ————---———---——

565 2289 696 2346 105.
734 2289 808 2352 εἰς
838 2292 943 2356 τὴν
979 2292 1152 2344 αὑτοῦ
1177 2293 1345 2358 φύσιν
1383 2291 1392 2363 Ι
1431 2292 1654 2362 βλέψας]

479 2379 566 2434 sic
623 2380 884 2436 Achilles
947 2382 1303 2452 Euripideus
1365 2386 1438 2440 ad
1500 2385 1656 2453 Iphi·

479 2474 752 2540 geniam:
828 2479 1034 2540 μᾶλλον
1094 2479 1156 2530 δὲ
1220 2479 1465 2544 λέκτρων
1536 2482 1654 2532 σῶν

479 2568 652 2629 πόθος
703 2569 764 2632 μ’
805 2568 1106 2634 εἰσέρχεται
1156 2564 1166 2644 Ι
1217 2571 1291 2633 εἰς
1331 2573 1438 2637 τὴν
1482 2573 1652 2637 φύσιν

483 2661 764 2726 βλέψαντα
788 2655 850 2725 ¹).

566 2752 695 2807 107.
773 2753 847 2808 Et
923 2754 1164 2809 numeri
1226 2756 1376 2811 sunt
1435 2756 1654 2824 tragici

482 2848 673 2913 (ὅπλα,
719 2856 806 2913 -υ)
850 2851 912 2904 et
956 2864 1094 2905 vere
1136 2852 1356 2919 poetici
1399 2855 1548 2907 sunt
1591 2852 1654 2907 hi

479 2938 716 3010 leones,
781 2956 922 2997 nam
989 2946 1048 2997 ἐν
1109 2952 1177 3013 τῇ
1242 2947 1447 3015 Ἀττικῇ
1506 2948 1655 3000 cete·

477 3048 662 3101 raque
725 3033 977 3090 Graecia
1025 3038 1106 3100 τίς
1147 3040 1256 3091 εἶδε
1298 3040 1528 3092 πώποτε
1572 3040 1654 3092 λέ-

478 3129 668 3190 ονταςί
690 3124 756 3191 2).
780 3128 896 3183 Sed
917 3128 1174 3184 conferri
1196 3131 1406 3197 potest
1428 3129 1655 3185 Demus

476 3218 966 3287 Aristophaneus
1013 3221 1270 3277 iuvenes
1321 3236 1656 3289 generosos

481 3312 688 3367 venari
722 3312 936 3368 iubens
974 3314 1179 3383 potius
1221 3328 1406 3381 quam
1435 3314 1494 3369 in
1526 3315 1656 3371 foro

481 3407 726 3474 tempus
769 3408 974 3462 terant,
995 3402 1058 3473 3).

562 3498 897 3555 108-120,
952 3499 1152 3555 Etiam
1207 3498 1266 3555 in
1318 3500 1522 3557 Samia
1570 3515 1654 3555 ar-

481 3594 844 3658 gumentum
907 3606 940 3647 e
1001 3592 1330 3649 notissima
1391 3594 1656 3661 quadam

479 3684 852 3752 tragicorum
887 3685 1088 3741 fabula
1131 3686 1371 3741 ducitur
1391 3682 1454 3751 4).
1483 3686 1658 3742 Hanc

483 3778 798 3833 materiem
841 3779 898 3832 in
933 3778 1092 3847 Tyro
1127 3780 1401 3836 dramate
1437 3783 1652 3836 tracta-

483 3870 570 3926 vit
614 3871 974 3940 Sophocles:
1028 3872 1189 3941 Tyro
1232 3872 1518 3942 Neptuno
1563 3887 1636 3941 pe

483 3964 636 4031 perit
681 3964 971 4032 gemellos
1016 3963 1270 4021 Neleum
1307 3968 1368 4021 et
1400 3965 1651 4034 Peliam;
1701 3943 1706 3984 ¹

482 4057 584 4123 qui
619 4072 756 4112 cum
793 4058 1057 4126 expositi
1086 4057 1657 4129 fuissentinfante8‚

1754 2295 1975 2348 notatu
2018 2292 2444 2360 dignissimum
2488 2294 2544 2348 id
2588 2294 2744 2361 quod
2789 2293 2929 2348 hinc

1754 2385 2033 2441 efficitur:
2102 2386 2290 2441 etiam
2355 2386 2660 2442 Menandri
2724 2388 2926 2442 aetate

1755 2478 1937 2548 prisci
1964 2477 2151 2534 huius
2182 2482 2401 2548 poetae
2427 2481 2708 2535 dramata
2737 2494 2930 2547 usque

1754 2572 1903 2628 adeo
1958 2572 2017 2626 in
2076 2572 2299 2640 vulgus
2355 2574 2503 2628 nota
2557 2572 2769 2627 fuisse.
2813 2573 2929 2628 Sed

1753 2664 2042 2733 quoniam
2098 2679 2235 2721 cum
2292 2668 2505 2722 nostro
2562 2665 2691 2722 loco
2733 2679 2931 2733 neque

1753 2773 1909 2825 quae
1990 2758 2361 2815 Aristoteles
2446 2759 2517 2813 de
2597 2772 2927 2828 puerorum

1753 2852 2091 2917 agnitione
2123 2851 2368 2907 tradidit
2422 2853 2798 2921 congruunt,
2861 2880 2919 2889 --

1753 2943 1894 2999 licet
1928 2944 2231 2999 conciliari
2267 2943 2511 3012 possint
2542 2944 2832 3010 fortasse,
2858 2978 2930 2986 —

1754 3051 1952 3105 neque
1986 3036 2338 3106 Apollodori
2364 3036 2631 3092 fabulam
2653 3052 2931 3093 enarran-

1755 3131 1837 3186 tis
1894 3132 2102 3199 verba,
2158 3131 2257 3186 hic
2302 3129 2483 3185 enim*
2510 3130 2584 3185 ab
2639 3130 2933 3198 equisone

1755 3224 2047 3279 educatos
2084 3223 2170 3279 ait
2193 3218 2264 3290 6),
2302 3221 2591 3291 Syriscus
2627 3225 2838 3279 noster
2859 3224 2933 3278 ab

1757 3316 2048 3386 opilione,
2095 3346 2165 3355 —-
2211 3316 2369 3383 quod
2404 3315 2551 3369 item
2588 3329 2709 3370 non
2747 3330 2932 3383 grave

1757 3410 1999 3477 quidem
2055 3410 2151 3465 est
2208 3406 2563 3477 discrimen,
2609 3408 2930 3463 discrimen

1757 3503 1993 3571 tamon,
2039 3530 2117 3540 —
2161 3501 2366 3568 potius
2426 3502 2798 3556 sumendum
2855 3502 2932 3555 vi·

1757 3595 1935 3649 detur
1992 3593 2177 3649 etiam
2221 3594 2361 3661 post
2405 3592 2765 3661 Sophoclem
2811 3608 2934 3649 sae-

1759 3686 1897 3755 pius
1954 3686 2154 3755 poetis
2210 3686 2460 3753 tragicis
2500 3689 2935 3753 argumentum

1756 3780 2116 3847 praebuisse
2170 3779 2369 3847 Tyrus
2428 3778 2816 3848 Neptunique
2867 3783 2935 3835 ut

1755 3871 1993 3926 Danaes
2038 3872 2099 3925 et
2141 3869 2307 3926 Iovis
2353 3884 2614 3927 amores.

1842 3965 1971 4019 108.
2027 3965 2371 4031 τραγῳδούς]
2430 3965 2466 4019 i.
2491 3979 2542 4020 e.
2590 3964 2933 4033 τραγῳδίας,

1757 4061 1824 4113 ut
1899 4058 2056 4125 apud
2119 4055 2597 4123 Aristophanem
2659 4058 2717 4111 ἐν
2790 4064 2935 4110 τοῖσι

485 4152 698 4217 postea
725 4152 814 4203 διὰ
852 4154 1074 4219 σκάφης
1107 4154 1254 4215 τινὸς
1292 4154 1439 4206 sunt
1462 4152 1654 4233 agniti
1753 4153 2061 4219 τραγῳδοῖς
2123 4148 2180 4203 id
2244 4147 2411 4205 valet
2471 4151 2628 4217 quod
2696 4152 2755 4203 ἑν
2817 4156 2936 4212 ταῖς

483 4246 642 4299 teste
696 4243 1032 4299 Aristotele
1067 4240 1130 4308 5).
1175 4242 1338 4311 Quae
1391 4244 1445 4298 si
1491 4258 1654 4299 nunc
1753 4243 2085 4311 τραγῳδίαις
2118 4238 2179 4305 ⁷).

482 4336 802 4406 respicitur
863 4336 1064 4391 fabula
1125 4337 1491 4409 Sophoclea,
1555 4340 1652 4393 est

1839 4337 1971 4390 111.
2023 4338 2312 4403 διφθέραν]
2351 4334 2572 4403 quippe
2615 4334 2796 4403 opilio
2820 4332 2887 4401 ⁸).

551 4535 589 4599 ¹)
623 4540 746 4587 Eur.
797 4540 916 4600 Iph.
968 4542 1084 4587 Aul.
1134 4543 1261 4589 1411
1315 4555 1395 4599 sq.
1444 4567 1505 4575 -
1552 4538 1593 4601 ²)
1624 4542 1861 4588 Nausicr.
1912 4540 1973 4586 fr.
2023 4540 2069 4585 3.
2118 4565 2178 4573 —
2228 4534 2269 4601 ⁸)
2308 4541 2390 4585 Ar.
2436 4540 2531 4597 Eq.
2583 4540 2711 4585 1382
2754 4552 2836 4596 sq.
2875 4564 2933 4571 —

481 4603 521 4645 *ἱ
557 4608 696 4654 Sam.
739 4609 838 4654 244
871 4622 986 4667 sqq.
1021 4634 1088 4643 —
1116 4605 1158 4665 ⁶)
1196 4610 1409 4657 Aristot.
1439 4612 1582 4657 Post.
1621 4611 1698 4656 16.
1738 4610 1815 4656 Cf.
1852 4606 2114 4667 Aristoph.
2148 4608 2267 4664 Lyn.
2312 4608 2420 4653 139.
2459 4632 2518 4641 -
2556 4602 2601 4667 ⁶)
2636 4606 2936 4665 Apollodor.

485 4673 510 4719 1
546 4676 594 4734 9,
632 4680 676 4724 8.
713 4672 791 4723 Cf.
825 4682 999 4723 tamen
1037 4678 1195 4737 Soph.
1233 4678 1293 4724 rr.
1333 4679 1446 4725 589.
1482 4702 1542 4711 —
1579 4672 1617 4735 ⁷)
1653 4679 1737 4723 Ar.
1778 4679 1869 4723 Av.
1908 4675 2021 4721 512.
2062 4700 2120 4707 —
2158 4670 2201 4733 ⁸)
2241 4674 2317 4723 Cf.
2357 4688 2425 4719 vs.
2469 4676 2546 4721 12.

2163 1832 2296 1894 ood.‚
2341 1833 2452 1886 ἴσως
2491 1833 2625 1890 Les„
2660 1832 2773 1894 ᾄξας
2804 1833 2930 1888 Leo,
3020 1889 3025 1894 ·
