3519 5416
1544 609 1776 655 sAutA.
2757 599 2878 658 147

787 779 901 843 οὔκ
944 778 1215 859 ἀκήκοας
1258 780 1576 860 λεγόντων,
1620 778 1751 841 εἰπέ
1795 802 1922 858 μοι,
1966 779 2306 859 Νικήρατε,

432 895 561 955 245
786 902 908 954 τῶν
952 894 1276 980 τραγῳδῶν
1322 891 1402 966 ὣς
1448 893 1772 974 γενόμενος
1819 892 2038 973 χρυσὸς
2084 890 2117 953 ὁ
2167 893 2319 967 Ζεὺς
2369 892 2553 974 ἐρρύη

785 1006 887 1067 διὰ
932 1006 1166 1089 τέγους,
1210 1004 1646 1089 κατειργμένην
1692 1004 1758 1067 δὲ
1805 1003 1972 1068 παῖδ’
2026 1006 2372 1087 ἐμοίχευσεν
2418 1009 2594 1082 eadm

1393 1184 1912 1243 ΝΙΚΗΡΑΤΟΣ.

788 1290 911 1357 εἶτα
960 1295 1037 1375 δὴ
1084 1296 1145 1357 τί
1184 1292 1381 1371 τοῦτ’;

1460 1465 1854 1523 ΔΗΜΕΑΣ.

1420 1576 1562 1650 ἴσως
1609 1577 1707 1637 δεῖ
1743 1577 1940 1637 πάντα
1983 1577 2353 1656 προσδοκᾶν·
2400 1576 2610 1639 σκόπει

784 1698 891 1750 τοῦ
938 1686 1146 1771 τέγους
1191 1690 1253 1751 εἴ
1288 1709 1383 1752 σοι
1426 1688 1605 1772 μέρος
1653 1714 1705 1752 τι
1750 1691 1858 1772 ῥεῖ.

1393 1870 1463 1927 N
1460 1870 1499 1927 I
1500 1870 1627 1927 KH
1622 1871 1725 1927 PA
1733 1868 1913 1928 ΤΟΣ.

1891 1974 1968 2043 τὸ
2003 1985 2314 2043 uastauit!
2365 1979 2513 2043 ἀλλὰ
2558 1983 2618 2044 τί

784 2102 959 2155 τοῦτο
1006 2093 1157 2175 πρὸς
1203 2088 1372 2156 ἐκεῖν’
1424 2093 1577 2169 ἐστίς

1457 2273 1852 2331 ΔΗΜΕΑΣ.

1618 2384 1746 2446 τότε
1793 2380 1902 2462 μὲν
1949 2378 2174 2464 γίγνεθ’
2230 2381 2263 2444 ὁ
2313 2384 2465 2457 Ζεὺς
2511 2386 2783 2464 χρυσίον,

497 2568 611 2616 244.
644 2570 887 2627 hydrum,
922 2568 1023 2615 εἰπέ
1054 2586 1135 2628 μοι
1166 2568 1297 2630 Leo]
1335 2572 1654 2629 εὶπιμοιλιγον
1672 2605 1682 2616 .
1701 2604 1712 2615 .
1732 2604 1744 2615 .
1779 2568 1893 2616 eod.

496 2672 563 2682 —
598 2652 834 2712 Πικήρατο
865 2645 1041 2710 vWil.]
1074 2682 1325 2695 .........
1344 2666 1393 2696 η
1426 2649 1561 2705 eod„
1594 2650 1654 2695 σὺ
1688 2652 1879 2695 πώποτε
1913 2648 2188 2696 Headlam.

499 2728 614 2774 245.
650 2728 829 2792 χρυσὸς
862 2730 888 2775 ὁ
922 2730 1044 2782 Ζεὺς
1076 2729 1210 2790 Leo]
1246 2763 1529 2776 ..........
1547 2745 1576 2776 ο
1613 2728 1727 2777 ood-

501 2808 616 2855 246.
652 2805 777 2856 Post
811 2809 889 2856 διὰ
924 2806 1129 2856 Croiset
1161 2809 1361 2856 delevit
1396 2825 1491 2856 του.

500 2911 563 2921 -·
599 2887 736 2949 θοός]
770 2888 1037 2950 supplevit
1065 2886 1284 2946 Eitrom,
1317 2891 1473 2951 λαβών
1506 2888 1589 2935 vel
1625 2888 1757 2934 ἔνδον
1792 2889 1856 2933 ὤν
1884 2887 2010 2942 1100,
2043 2901 2158 2934 non
2192 2887 2360 2948 vWil.,
2392 2891 2555 2950 λάθρᾳ
2590 2886 2825 2935 Οῐὸῐιοή.

500 2967 614 3013 248.
650 2973 734 3014 τοῦ
766 2967 927 3026 τέγους
956 2967 1131 3028 vWil.]
1169 2984 1223 3014 το
1240 3002 1373 3014 .....
1391 2983 1453 3014 vo
1488 2966 1603 3014 eod.

500 3069 560 3080 -
594 3045 648 3094 τὸ
680 3044 923 3108 πλεῖστον]
958 3045 1205 3095 Nicen-ato
1239 3044 1386 3094 dedit
1418 3047 1585 3104 vwil„
1619 3047 1672 3092 in
1708 3046 1821 3094 eod.
1858 3048 1984 3093 sunt
2017 3043 2263 3093 Demeae.

512 3225 849 3281 244—246.
885 3224 1281 3281 Decantatam
1314 3223 1603 3296 fabulam,
1697 3227 1860 3291 ὄντα,
1928 3225 2111 3280 cuivis
2163 3227 2352 3295 potest
2414 3225 2671 3282 accidere
2727 3228 2879 3296 quod

430 3331 585 3385 quae
636 3319 771 3373 erat
817 3317 890 3372 de
930 3317 1139 3373 Danae
1178 3316 1431 3386 eiusque
1451 3317 1607 3373 turri
1695 3318 1968 3387 cuiquam
1999 3319 2187 3387 potest
2213 3312 2276 3378 3).

429 3411 687 3481 ahenea,
744 3409 951 3466 laudat
1010 3424 1176 3466 nuno
1228 3409 1479 3481 Demea,
1536 3412 1608 3466 ut
1779 3410 1914 3466 248.
1993 3412 2108 3467 εἰ..
2189 3412 2294 3478 ῥεῖ]
2371 3409 2409 3466 i.
2453 3424 2505 3467 e.
2579 3412 2737 3466 εἰ...
2802 3415 2875 3478 μὴ

426 3503 690 3559 fabulam
732 3502 932 3572 Tyrus
972 3504 1035 3558 et
1066 3502 1337 3572 Neptuni
1364 3517 1605 3560 amores
1698 3506 1904 3572 στέγει,
1945 3519 2028 3560 an
2057 3504 2390 3576 perpluat?

430 3597 819 3653 enarrantem
861 3593 1143 3666 Syriscus
1176 3595 1239 3650 in
1261 3595 1603 3666 Disceptan·
1779 3598 1915 3652 249.
1979 3597 2230 3664 χρυσίον]
2293 3597 2407 3666 sio,
2463 3610 2588 3651 non
2649 3597 2877 3663 χρυσός,

430 3689 594 3744 tibus
656 3687 859 3744 fabula
886 3684 948 3756 1).
1010 3687 1174 3743 Iovis
1227 3689 1300 3743 ad
1355 3688 1605 3744 Danaen
1698 3703 1861 3744 nunc
1895 3689 2036 3745 dicit
2055 3689 2306 3761 Demea,
2331 3689 2590 3758 priscam
2614 3687 2877 3744 fabulam

427 3781 763 3838 accedentis
798 3781 1129 3849 imaginem
1163 3779 1227 3835 in
1265 3781 1472 3837 tabula
1493 3781 1605 3849 pic·
1694 3781 1756 3836 in
1781 3781 2096 3837 ridiculum
2118 3781 2472 3838 contemtim
2489 3783 2876 3848 detorquens.

427 3877 557 3931 tam
608 3873 887 3942 adspexit
922 3875 982 3929 et
1022 3873 1221 3929 laetus
1263 3873 1604 3930 admiratus
1699 3875 1744 3929 E
1811 3875 2026 3930 nostro
2087 3873 2273 3943 igitur
2335 3873 2632 3930 Horatius
2696 3872 2875 3929 habet

428 3968 528 4023 est
552 3966 730 4022 fictus
765 3965 862 4023 ille
897 3965 1217 4022 eunuchus
1251 3965 1315 4022 in
1338 3965 1604 4022 Terentii
1697 3965 1872 4022 illud:
1905 3968 2030 4036 fore
2050 3968 2202 4021 enim
2224 3969 2413 4022 tutum
2436 3966 2546 4021 iter
2568 3969 2616 4020 et
2630 3965 2870 4041 patens!

431 4059 563 4116 sive
600 4058 911 4116 Menandri
952 4057 1154 4114 fabula
1181 4054 1246 4124 ²).
1697 4073 1967 4114 converso
1996 4059 2063 4114 in
2091 4060 2420 4128 pretium
2443 4059 2553 4114 deo
2571 4053 2615 4126 ⁴)
2631 4059 2694 4113 et
2718 4057 2878 4113 hune

512 4152 648 4208 247.
688 4151 847 4208 Item
878 4152 1079 4208 nescio
1114 4151 1251 4219 quis
1284 4150 1345 4206 in
1380 4151 1604 4208 Andro·
1698 4151 1976 4208 imitatus
2010 4151 2290 4207 Ovidius:
2337 4152 2599 4221 Iuppiter
2620 4151 2876 4205 admoni-

430 4259 597 4314 gyno
630 4244 827 4301 nostri
856 4243 1087 4300 fabula:
1123 4245 1193 4298 τὰ
1213 4246 1607 4311 προσπεσόντα
1701 4249 1794 4299 tus
1846 4245 1992 4300 nihil
2039 4261 2154 4300 esse
2198 4247 2486 4315 potentius
2527 4260 2676 4300 auro
2712 4243 2722 4317 Ι
2762 4259 2877 4298 cor·

428 4339 751 4404 προσδοκᾶν
839 4338 1060 4391 ἅπαντα
1144 4339 1224 4392 δεῖ
1261 4334 1271 4404 Ι
1308 4339 1607 4405 ἄνθρωπον
1697 4337 2524 4409 ruptaepretiumviryinis
2542 4338 2665 4408 ipse
2678 4337 2793 4404 fuit
2813 4332 2876 4402 5).

499 4621 543 4686 ¹)
577 4623 655 4672 Cf.
694 4623 831 4671 Diae.
870 4625 966 4672 109
1004 4636 1119 4683 sqq.
1148 4649 1215 4658 —
1244 4620 1287 4685 ²)
1323 4625 1439 4671 Ter.
1475 4624 1607 4671 Eun.
1642 4624 1723 4670 111
1761 4625 1809 4682 5,
1846 4625 1910 4672 85
1947 4637 2148 4684 sqq.—
2170 4619 2214 4683 8)
2232 4625 2368 4672 Men.
2405 4624 2468 4672 fr.
2507 4619 2732 4684 51.—⁴)
2753 4623 2877 4670 Hor.

429 4690 599 4740 cni-m.
633 4692 715 4740 111
754 4693 833 4739 16.
869 4716 934 4727 —
963 4688 1006 4753 ¹⁵)
1040 4689 1190 4740 ovid.
1227 4693 1339 4738 Am.
1379 4691 1459 4738 111
1495 4693 1545 4752 8,
1579 4693 1643 4739 29
1680 4704 1762 4750 eq.
