<?xml version="1.0" encoding="UTF-8"?>
<!DOCTYPE html PUBLIC "-//W3C//DTD XHTML 1.0 Transitional//EN"
    "http://www.w3.org/TR/xhtml1/DTD/xhtml1-transitional.dtd">
<html xmlns="http://www.w3.org/1999/xhtml" xml:lang="en" lang="en">
 <head>
  <title>
</title>
<meta http-equiv="Content-Type" content="text/html;charset=utf-8" />
  <meta name='ocr-system' content='tesseract 3.04.00' />
  <meta name='ocr-capabilities' content='ocr_page ocr_carea ocr_par ocr_line ocrx_word'/>
</head>
<body>
  <div class='ocr_page' id='page_1' title='image "./menandriquatuor01lefegoog_0026.png"; bbox 0 0 3519 5416; ppageno 0'>
   <div class='ocr_carea' id='block_1_1' title="bbox 570 508 2051 567">
    <p class='ocr_par' dir='ltr' id='par_1_1' title="bbox 570 508 2051 567">
     <span class='ocr_line' id='line_1_1' title="bbox 570 508 2051 567; baseline -0.001 -1"><span class='ocrx_word' id='word_1_1' title='bbox 570 508 650 566; x_wconf 85' lang='lat'>14</span> <span class='ocrx_word' id='word_1_2' title='bbox 1543 521 2051 567; x_wconf 69' lang='lat' dir='ltr'>mscnP‘rAnmns.</span> 
     </span>
    </p>
   </div>
   <div class='ocr_carea' id='block_1_2' title="bbox 561 692 3043 3759">
    <p class='ocr_par' dir='ltr' id='par_1_2' title="bbox 561 692 3022 1784">
     <span class='ocr_line' id='line_1_2' title="bbox 656 692 3021 771; baseline 0 -17"><span class='ocrx_word' id='word_1_3' title='bbox 656 693 938 754; x_wconf 82' lang='lat' dir='ltr'>Interim</span> <span class='ocrx_word' id='word_1_4' title='bbox 1005 693 1316 768; x_wconf 82' lang='lat' dir='ltr'>Syriscus</span> <span class='ocrx_word' id='word_1_5' title='bbox 1377 708 1528 754; x_wconf 91' lang='lat' dir='ltr'>cum</span> <span class='ocrx_word' id='word_1_6' title='bbox 1591 709 1803 755; x_wconf 86' lang='lat' dir='ltr'>uxore</span> <span class='ocrx_word' id='word_1_7' title='bbox 1865 696 1934 755; x_wconf 89' lang='lat' dir='ltr'>et</span> <span class='ocrx_word' id='word_1_8' title='bbox 1994 693 2249 754; x_wconf 84' lang='lat' dir='ltr'>infante</span> <span class='ocrx_word' id='word_1_9' title='bbox 2297 693 2363 753; x_wconf 91' lang='lat' dir='ltr'>in</span> <span class='ocrx_word' id='word_1_10' title='bbox 2410 692 2643 754; x_wconf 88' lang='lat' dir='ltr'>urbem</span> <span class='ocrx_word' id='word_1_11' title='bbox 2693 693 2906 771; x_wconf 81' lang='lat' dir='ltr'>venit,</span> <span class='ocrx_word' id='word_1_12' title='bbox 2954 695 3021 754; x_wconf 92' lang='lat' dir='ltr'>et</span> 
     </span>
     <span class='ocr_line' id='line_1_3' title="bbox 565 807 3021 881; baseline -0 -12"><span class='ocrx_word' id='word_1_13' title='bbox 565 823 715 869; x_wconf 90' lang='lat' dir='ltr'>cum</span> <span class='ocrx_word' id='word_1_14' title='bbox 757 823 844 870; x_wconf 81' lang='lat' dir='ltr'>ex</span> <span class='ocrx_word' id='word_1_15' title='bbox 881 807 1098 868; x_wconf 87' lang='lat' dir='ltr'>amico</span> <span class='ocrx_word' id='word_1_16' title='bbox 1138 809 1423 881; x_wconf 90' lang='lat' dir='ltr'>quodam</span> <span class='ocrx_word' id='word_1_17' title='bbox 1467 809 1857 869; x_wconf 79' lang='lat' dir='ltr'>rescivisset</span> <span class='ocrx_word' id='word_1_18' title='bbox 1886 807 2218 878; x_wconf 56' lang='lat' dir='ltr'>,infantem</span> <span class='ocrx_word' id='word_1_19' title='bbox 2249 810 2395 868; x_wconf 88' lang='lat' dir='ltr'>tum</span> <span class='ocrx_word' id='word_1_20' title='bbox 2428 823 2576 869; x_wconf 87' lang='lat' dir='ltr'>cum</span> <span class='ocrx_word' id='word_1_21' title='bbox 2606 809 3021 870; x_wconf 87' lang='lat' dir='ltr'>inveniretur</span> 
     </span>
     <span class='ocr_line' id='line_1_4' title="bbox 565 922 3013 1000; baseline 0 -18"><span class='ocrx_word' id='word_1_22' title='bbox 565 922 879 984; x_wconf 88' lang='lat' dir='ltr'>habuisse</span> <span class='ocrx_word' id='word_1_23' title='bbox 931 923 1165 984; x_wconf 91' lang='lat' dir='ltr'>mundi</span> <span class='ocrx_word' id='word_1_24' title='bbox 1212 922 1486 997; x_wconf 89' lang='lat' dir='ltr'>aliquid,</span> <span class='ocrx_word' id='word_1_25' title='bbox 1537 938 1577 983; x_wconf 89' lang='lat' dir='ltr'>a</span> <span class='ocrx_word' id='word_1_26' title='bbox 1621 924 1807 984; x_wconf 85' lang='lat' dir='ltr'>Davo</span> <span class='ocrx_word' id='word_1_27' title='bbox 1854 923 2123 986; x_wconf 87' lang='lat' dir='ltr'>obviam</span> <span class='ocrx_word' id='word_1_28' title='bbox 2169 923 2300 984; x_wconf 89' lang='lat' dir='ltr'>sibi</span> <span class='ocrx_word' id='word_1_29' title='bbox 2345 923 2524 984; x_wconf 88' lang='lat' dir='ltr'>facto</span> <span class='ocrx_word' id='word_1_30' title='bbox 2570 924 2633 983; x_wconf 91' lang='lat' dir='ltr'>id</span> <span class='ocrx_word' id='word_1_31' title='bbox 2682 925 3013 1000; x_wconf 88' lang='lat' dir='ltr'>poposcit;</span> 
     </span>
     <span class='ocr_line' id='line_1_5' title="bbox 561 1037 3019 1114; baseline 0.001 -18"><span class='ocrx_word' id='word_1_32' title='bbox 561 1037 1018 1112; x_wconf 82' lang='lat' dir='ltr'>disceptarunt</span> <span class='ocrx_word' id='word_1_33' title='bbox 1063 1038 1310 1099; x_wconf 90' lang='lat' dir='ltr'>arbitro</span> <span class='ocrx_word' id='word_1_34' title='bbox 1357 1038 1682 1098; x_wconf 88' lang='lat' dir='ltr'>Smicrine</span> <span class='ocrx_word' id='word_1_35' title='bbox 1728 1037 2117 1114; x_wconf 83' lang='lat' dir='ltr'>Pamphilae</span> <span class='ocrx_word' id='word_1_36' title='bbox 2163 1041 2351 1113; x_wconf 85' lang='lat' dir='ltr'>patre</span> <span class='ocrx_word' id='word_1_37' title='bbox 2394 1037 2559 1114; x_wconf 88' lang='lat' dir='ltr'>ipsis</span> <span class='ocrx_word' id='word_1_38' title='bbox 2606 1040 2859 1114; x_wconf 89' lang='lat' dir='ltr'>ignoto,</span> <span class='ocrx_word' id='word_1_39' title='bbox 2910 1039 3019 1113; x_wconf 90' lang='lat' dir='ltr'>qui</span> 
     </span>
     <span class='ocr_line' id='line_1_6' title="bbox 563 1151 3019 1226; baseline 0 -14"><span class='ocrx_word' id='word_1_40' title='bbox 563 1151 736 1213; x_wconf 90' lang='lat' dir='ltr'>forte</span> <span class='ocrx_word' id='word_1_41' title='bbox 795 1153 1064 1213; x_wconf 80' lang='lat' dir='ltr'>fortuna</span> <span class='ocrx_word' id='word_1_42' title='bbox 1124 1154 1388 1226; x_wconf 87' lang='lat' dir='ltr'>aderat;</span> <span class='ocrx_word' id='word_1_43' title='bbox 1453 1152 1562 1214; x_wconf 88' lang='lat' dir='ltr'>hic</span> <span class='ocrx_word' id='word_1_44' title='bbox 1615 1151 1877 1213; x_wconf 86' lang='lat' dir='ltr'>Davum</span> <span class='ocrx_word' id='word_1_45' title='bbox 1923 1153 2191 1226; x_wconf 84' lang='lat' dir='ltr'>Syrisco</span> <span class='ocrx_word' id='word_1_46' title='bbox 2237 1155 2677 1214; x_wconf 88' lang='lat' dir='ltr'>monumenta</span> <span class='ocrx_word' id='word_1_47' title='bbox 2723 1152 2840 1212; x_wconf 91' lang='lat' dir='ltr'>illa</span> <span class='ocrx_word' id='word_1_48' title='bbox 2884 1155 3019 1213; x_wconf 85' lang='lat' dir='ltr'>tra-</span> 
     </span>
     <span class='ocr_line' id='line_1_7' title="bbox 566 1261 3017 1342; baseline 0 -17"><span class='ocrx_word' id='word_1_49' title='bbox 566 1266 720 1328; x_wconf 90' lang='lat' dir='ltr'>dere</span> <span class='ocrx_word' id='word_1_50' title='bbox 789 1267 988 1328; x_wconf 88' lang='lat' dir='ltr'>iussit</span> <span class='ocrx_word' id='word_1_51' title='bbox 1020 1261 1079 1338; x_wconf 90' lang='lat'>¹).</span> <span class='ocrx_word' id='word_1_52' title='bbox 1169 1267 1345 1342; x_wconf 80' lang='lat' dir='ltr'>Quae</span> <span class='ocrx_word' id='word_1_53' title='bbox 1417 1267 1898 1341; x_wconf 81' lang='lat' dir='ltr'>contemplanti</span> <span class='ocrx_word' id='word_1_54' title='bbox 1966 1267 2233 1341; x_wconf 87' lang='lat' dir='ltr'>Syrisco</span> <span class='ocrx_word' id='word_1_55' title='bbox 2306 1267 2593 1328; x_wconf 86' lang='lat' dir='ltr'>occurrit</span> <span class='ocrx_word' id='word_1_56' title='bbox 2662 1267 3017 1329; x_wconf 87' lang='lat' dir='ltr'>Onesimus</span> 
     </span>
     <span class='ocr_line' id='line_1_8' title="bbox 566 1379 3022 1459; baseline 0 -18"><span class='ocrx_word' id='word_1_57' title='bbox 566 1381 932 1456; x_wconf 82' lang='lat' dir='ltr'>statimque</span> <span class='ocrx_word' id='word_1_58' title='bbox 977 1381 1249 1456; x_wconf 88' lang='lat' dir='ltr'>agnovit</span> <span class='ocrx_word' id='word_1_59' title='bbox 1296 1380 1572 1442; x_wconf 89' lang='lat' dir='ltr'>anulum</span> <span class='ocrx_word' id='word_1_60' title='bbox 1623 1396 1660 1442; x_wconf 85' lang='lat' dir='ltr'>a</span> <span class='ocrx_word' id='word_1_61' title='bbox 1709 1379 2012 1442; x_wconf 77' lang='lat' dir='ltr'>charisio</span> <span class='ocrx_word' id='word_1_62' title='bbox 2059 1395 2236 1441; x_wconf 86' lang='lat' dir='ltr'>anno</span> <span class='ocrx_word' id='word_1_63' title='bbox 2284 1382 2623 1459; x_wconf 85' lang='lat' dir='ltr'>proxime,</span> <span class='ocrx_word' id='word_1_64' title='bbox 2676 1397 2825 1443; x_wconf 90' lang='lat' dir='ltr'>cum</span> <span class='ocrx_word' id='word_1_65' title='bbox 2875 1397 3022 1442; x_wconf 90' lang='lat' dir='ltr'>noc·</span> 
     </span>
     <span class='ocr_line' id='line_1_9' title="bbox 566 1494 3017 1571; baseline 0 -16"><span class='ocrx_word' id='word_1_66' title='bbox 566 1498 706 1555; x_wconf 85' lang='lat' dir='ltr'>tem</span> <span class='ocrx_word' id='word_1_67' title='bbox 768 1494 1316 1570; x_wconf 82' lang='lat' dir='ltr'>Tauropoliorum</span> <span class='ocrx_word' id='word_1_68' title='bbox 1378 1495 1542 1556; x_wconf 80' lang='lat' dir='ltr'>foris</span> <span class='ocrx_word' id='word_1_69' title='bbox 1604 1496 2009 1570; x_wconf 88' lang='lat' dir='ltr'>transigeret</span> <span class='ocrx_word' id='word_1_70' title='bbox 2067 1495 2316 1571; x_wconf 76' lang='lat' dir='ltr'>ebriuS,</span> <span class='ocrx_word' id='word_1_71' title='bbox 2366 1496 2717 1557; x_wconf 84' lang='lat' dir='ltr'>amissum.</span> <span class='ocrx_word' id='word_1_72' title='bbox 2787 1497 3017 1570; x_wconf 84' lang='lat' dir='ltr'>Itaque</span> 
     </span>
     <span class='ocr_line' id='line_1_10' title="bbox 567 1608 3013 1686; baseline 0 -17"><span class='ocrx_word' id='word_1_73' title='bbox 567 1609 843 1670; x_wconf 89' lang='lat' dir='ltr'>anulum</span> <span class='ocrx_word' id='word_1_74' title='bbox 911 1609 1141 1669; x_wconf 87' lang='lat' dir='ltr'>Davus</span> <span class='ocrx_word' id='word_1_75' title='bbox 1208 1610 1541 1670; x_wconf 87' lang='lat' dir='ltr'>concessit</span> <span class='ocrx_word' id='word_1_76' title='bbox 1602 1610 1921 1671; x_wconf 89' lang='lat' dir='ltr'>Onesimo</span> <span class='ocrx_word' id='word_1_77' title='bbox 1980 1610 2263 1686; x_wconf 85' lang='lat' dir='ltr'>petenti,</span> <span class='ocrx_word' id='word_1_78' title='bbox 2328 1610 2440 1684; x_wconf 90' lang='lat' dir='ltr'>qui</span> <span class='ocrx_word' id='word_1_79' title='bbox 2502 1608 2803 1670; x_wconf 81' lang='lat' dir='ltr'>Charisio</span> <span class='ocrx_word' id='word_1_80' title='bbox 2862 1624 3013 1670; x_wconf 91' lang='lat' dir='ltr'>eum</span> 
     </span>
     <span class='ocr_line' id='line_1_11' title="bbox 571 1723 972 1784; baseline 0 0"><span class='ocrx_word' id='word_1_81' title='bbox 571 1723 972 1784; x_wconf 84' lang='lat' dir='ltr'>ostenderet.</span> 
     </span>
    </p>

    <p class='ocr_par' dir='ltr' id='par_1_3' title="bbox 563 1837 3031 3175">
     <span class='ocr_line' id='line_1_12' title="bbox 656 1837 3019 1915; baseline 0 -17"><span class='ocrx_word' id='word_1_82' title='bbox 656 1837 1054 1914; x_wconf 85' lang='lat' dir='ltr'>Supervenit</span> <span class='ocrx_word' id='word_1_83' title='bbox 1090 1837 1522 1898; x_wconf 88' lang='lat' dir='ltr'>Habrotonon</span> <span class='ocrx_word' id='word_1_84' title='bbox 1565 1853 1604 1898; x_wconf 90' lang='lat' dir='ltr'>a</span> <span class='ocrx_word' id='word_1_85' title='bbox 1642 1837 1943 1898; x_wconf 87' lang='lat' dir='ltr'>Charisio</span> <span class='ocrx_word' id='word_1_86' title='bbox 1984 1841 2239 1915; x_wconf 86' lang='lat' dir='ltr'>spreta,</span> <span class='ocrx_word' id='word_1_87' title='bbox 2281 1853 2449 1913; x_wconf 88' lang='lat' dir='ltr'>qnae</span> <span class='ocrx_word' id='word_1_88' title='bbox 2482 1838 2685 1914; x_wconf 89' lang='lat' dir='ltr'>probe</span> <span class='ocrx_word' id='word_1_89' title='bbox 2707 1838 3019 1899; x_wconf 89' lang='lat' dir='ltr'>meminit</span> 
     </span>
     <span class='ocr_line' id='line_1_13' title="bbox 566 1951 3015 2028; baseline 0 -16"><span class='ocrx_word' id='word_1_90' title='bbox 566 1968 640 2013; x_wconf 91' lang='lat' dir='ltr'>se</span> <span class='ocrx_word' id='word_1_91' title='bbox 687 1952 1107 2028; x_wconf 83' lang='lat' dir='ltr'>Tauropoliis</span> <span class='ocrx_word' id='word_1_92' title='bbox 1153 1952 1507 2028; x_wconf 85' lang='lat' dir='ltr'>proximis,</span> <span class='ocrx_word' id='word_1_93' title='bbox 1557 1968 1707 2012; x_wconf 90' lang='lat' dir='ltr'>cum</span> <span class='ocrx_word' id='word_1_94' title='bbox 1745 1951 1986 2013; x_wconf 87' lang='lat' dir='ltr'>fidibus</span> <span class='ocrx_word' id='word_1_95' title='bbox 2028 1958 2296 2014; x_wconf 90' lang='lat' dir='ltr'>caneret</span> <span class='ocrx_word' id='word_1_96' title='bbox 2337 1953 2703 2027; x_wconf 85' lang='lat' dir='ltr'>virginibus</span> <span class='ocrx_word' id='word_1_97' title='bbox 2741 1953 3015 2014; x_wconf 88' lang='lat' dir='ltr'>chorum</span> 
     </span>
     <span class='ocr_line' id='line_1_14' title="bbox 563 2065 3015 2144; baseline 0 -17"><span class='ocrx_word' id='word_1_98' title='bbox 563 2070 965 2129; x_wconf 88' lang='lat' dir='ltr'>nocturnum</span> <span class='ocrx_word' id='word_1_99' title='bbox 1007 2068 1075 2127; x_wconf 91' lang='lat' dir='ltr'>in</span> <span class='ocrx_word' id='word_1_100' title='bbox 1112 2065 1360 2128; x_wconf 89' lang='lat' dir='ltr'>Dianae</span> <span class='ocrx_word' id='word_1_101' title='bbox 1400 2067 1721 2128; x_wconf 85' lang='lat' dir='ltr'>honorem</span> <span class='ocrx_word' id='word_1_102' title='bbox 1762 2067 2185 2144; x_wconf 85' lang='lat' dir='ltr'>ducentibus,</span> <span class='ocrx_word' id='word_1_103' title='bbox 2229 2067 2478 2128; x_wconf 82' lang='lat' dir='ltr'>vidisse</span> <span class='ocrx_word' id='word_1_104' title='bbox 2502 2067 2791 2143; x_wconf 89' lang='lat' dir='ltr'>puellam</span> <span class='ocrx_word' id='word_1_105' title='bbox 2814 2067 3015 2128; x_wconf 87' lang='lat' dir='ltr'>flebili</span> 
     </span>
     <span class='ocr_line' id='line_1_15' title="bbox 565 2179 3018 2257; baseline 0 -15"><span class='ocrx_word' id='word_1_106' title='bbox 565 2181 757 2242; x_wconf 82' lang='lat' dir='ltr'>vultu</span> <span class='ocrx_word' id='word_1_107' title='bbox 811 2184 876 2242; x_wconf 91' lang='lat' dir='ltr'>et</span> <span class='ocrx_word' id='word_1_108' title='bbox 928 2181 1143 2242; x_wconf 87' lang='lat' dir='ltr'>scissa</span> <span class='ocrx_word' id='word_1_109' title='bbox 1190 2183 1378 2242; x_wconf 84' lang='lat' dir='ltr'>veste</span> <span class='ocrx_word' id='word_1_110' title='bbox 1426 2196 1461 2242; x_wconf 94' lang='lat' dir='ltr'>e</span> <span class='ocrx_word' id='word_1_111' title='bbox 1509 2181 1801 2242; x_wconf 87' lang='lat' dir='ltr'>tenebris</span> <span class='ocrx_word' id='word_1_112' title='bbox 1848 2184 2303 2257; x_wconf 87' lang='lat' dir='ltr'>proruentem.</span> <span class='ocrx_word' id='word_1_113' title='bbox 2376 2179 2767 2256; x_wconf 87' lang='lat' dir='ltr'>Congruunt</span> <span class='ocrx_word' id='word_1_114' title='bbox 2811 2181 3018 2256; x_wconf 85' lang='lat' dir='ltr'>igitur</span> 
     </span>
     <span class='ocr_line' id='line_1_16' title="bbox 567 2273 3019 2372; baseline 0 -17"><span class='ocrx_word' id='word_1_115' title='bbox 567 2299 838 2372; x_wconf 86' lang='lat' dir='ltr'>tempus</span> <span class='ocrx_word' id='word_1_116' title='bbox 897 2299 966 2358; x_wconf 88' lang='lat' dir='ltr'>et</span> <span class='ocrx_word' id='word_1_117' title='bbox 1008 2295 1224 2369; x_wconf 89' lang='lat' dir='ltr'>locus;</span> <span class='ocrx_word' id='word_1_118' title='bbox 1279 2297 1442 2358; x_wconf 87' lang='lat' dir='ltr'>haec</span> <span class='ocrx_word' id='word_1_119' title='bbox 1489 2296 1643 2370; x_wconf 89' lang='lat' dir='ltr'>quin</span> <span class='ocrx_word' id='word_1_120' title='bbox 1691 2297 1910 2358; x_wconf 84' lang='lat' dir='ltr'>mater</span> <span class='ocrx_word' id='word_1_121' title='bbox 1956 2297 2051 2357; x_wconf 87' lang='lat' dir='ltr'>sit</span> <span class='ocrx_word' id='word_1_122' title='bbox 2093 2273 2372 2357; x_wconf 83' lang='lat' dir='ltr'>infantis</span> <span class='ocrx_word' id='word_1_123' title='bbox 2418 2297 2535 2357; x_wconf 83' lang='lat' dir='ltr'>vix</span> <span class='ocrx_word' id='word_1_124' title='bbox 2582 2299 2804 2372; x_wconf 90' lang='lat' dir='ltr'>potest</span> <span class='ocrx_word' id='word_1_125' title='bbox 2848 2296 3019 2357; x_wconf 87' lang='lat' dir='ltr'>dubi·</span> 
     </span>
     <span class='ocr_line' id='line_1_17' title="bbox 567 2406 3029 2487; baseline -0.001 -15"><span class='ocrx_word' id='word_1_126' title='bbox 567 2411 718 2472; x_wconf 84' lang='lat' dir='ltr'>tari.</span> <span class='ocrx_word' id='word_1_127' title='bbox 781 2411 1036 2472; x_wconf 88' lang='lat' dir='ltr'>Nomen</span> <span class='ocrx_word' id='word_1_128' title='bbox 1097 2413 1325 2472; x_wconf 86' lang='lat' dir='ltr'>tamen</span> <span class='ocrx_word' id='word_1_129' title='bbox 1389 2411 1646 2487; x_wconf 87' lang='lat' dir='ltr'>puellae</span> <span class='ocrx_word' id='word_1_130' title='bbox 1707 2406 1970 2486; x_wconf 89' lang='lat' dir='ltr'>ignorat</span> <span class='ocrx_word' id='word_1_131' title='bbox 2030 2409 2491 2484; x_wconf 81' lang='lat' dir='ltr'>Habrotonon3</span> <span class='ocrx_word' id='word_1_132' title='bbox 2542 2411 2660 2472; x_wconf 90' lang='lat' dir='ltr'>sed</span> <span class='ocrx_word' id='word_1_133' title='bbox 2709 2411 3029 2486; x_wconf 82' lang='lat' dir='ltr'>adspiciat</span> 
     </span>
     <span class='ocr_line' id='line_1_18' title="bbox 571 2524 3023 2601; baseline -0 -15"><span class='ocrx_word' id='word_1_134' title='bbox 571 2524 794 2600; x_wconf 89' lang='lat' dir='ltr'>modo,</span> <span class='ocrx_word' id='word_1_135' title='bbox 866 2525 1100 2585; x_wconf 87' lang='lat' dir='ltr'>statim</span> <span class='ocrx_word' id='word_1_136' title='bbox 1173 2527 1513 2600; x_wconf 85' lang='lat' dir='ltr'>agnoscat.</span> <span class='ocrx_word' id='word_1_137' title='bbox 1584 2526 1816 2600; x_wconf 89' lang='lat' dir='ltr'>Itaque</span> <span class='ocrx_word' id='word_1_138' title='bbox 1886 2541 2037 2587; x_wconf 90' lang='lat' dir='ltr'>cum</span> <span class='ocrx_word' id='word_1_139' title='bbox 2109 2527 2424 2588; x_wconf 84' lang='lat' dir='ltr'>onesimo</span> <span class='ocrx_word' id='word_1_140' title='bbox 2492 2527 2686 2601; x_wconf 86' lang='lat' dir='ltr'>pacta</span> <span class='ocrx_word' id='word_1_141' title='bbox 2747 2525 3023 2586; x_wconf 89' lang='lat' dir='ltr'>anulum</span> 
     </span>
     <span class='ocr_line' id='line_1_19' title="bbox 575 2620 3024 2717; baseline 0 -19"><span class='ocrx_word' id='word_1_142' title='bbox 575 2630 1231 2699; x_wconf 52' lang='lat' dir='ltr'>Charisio‘ostendit</span> <span class='ocrx_word' id='word_1_143' title='bbox 1293 2638 1442 2715; x_wconf 88' lang='lat' dir='ltr'>ipsa</span> <span class='ocrx_word' id='word_1_144' title='bbox 1501 2641 1570 2699; x_wconf 85' lang='lat' dir='ltr'>et</span> <span class='ocrx_word' id='word_1_145' title='bbox 1631 2638 1831 2699; x_wconf 86' lang='lat' dir='ltr'>efficit</span> <span class='ocrx_word' id='word_1_146' title='bbox 1890 2642 1963 2700; x_wconf 91' lang='lat' dir='ltr'>ut</span> <span class='ocrx_word' id='word_1_147' title='bbox 2023 2654 2140 2717; x_wconf 92' lang='lat' dir='ltr'>pro</span> <span class='ocrx_word' id='word_1_148' title='bbox 2198 2641 2413 2700; x_wconf 86' lang='lat' dir='ltr'>matre</span> <span class='ocrx_word' id='word_1_149' title='bbox 2460 2639 2739 2700; x_wconf 88' lang='lat' dir='ltr'>infantis</span> <span class='ocrx_word' id='word_1_150' title='bbox 2786 2620 2866 2700; x_wconf 80' lang='lat' dir='ltr'>ab</span> <span class='ocrx_word' id='word_1_151' title='bbox 2912 2639 3024 2699; x_wconf 90' lang='lat' dir='ltr'>illo</span> 
     </span>
     <span class='ocr_line' id='line_1_20' title="bbox 577 2753 3024 2839; baseline 0.001 -26"><span class='ocrx_word' id='word_1_152' title='bbox 577 2753 925 2815; x_wconf 87' lang='lat' dir='ltr'>habeatur.</span> <span class='ocrx_word' id='word_1_153' title='bbox 969 2753 1090 2829; x_wconf 82' lang='lat' dir='ltr'>Qui</span> <span class='ocrx_word' id='word_1_154' title='bbox 1126 2757 1480 2839; x_wconf 85' lang='lat' dir='ltr'>postquam</span> <span class='ocrx_word' id='word_1_155' title='bbox 1519 2756 1781 2829; x_wconf 84' lang='lat' dir='ltr'>patrem</span> <span class='ocrx_word' id='word_1_156' title='bbox 1819 2771 1892 2816; x_wconf 90' lang='lat' dir='ltr'>se</span> <span class='ocrx_word' id='word_1_157' title='bbox 1932 2754 2276 2817; x_wconf 90' lang='lat' dir='ltr'>confessus</span> <span class='ocrx_word' id='word_1_158' title='bbox 2317 2758 2449 2832; x_wconf 85' lang='lat' dir='ltr'>est,</span> <span class='ocrx_word' id='word_1_159' title='bbox 2480 2770 2712 2816; x_wconf 87' lang='lat' dir='ltr'>veram</span> <span class='ocrx_word' id='word_1_160' title='bbox 2737 2758 3024 2816; x_wconf 88' lang='lat' dir='ltr'>matrem</span> 
     </span>
     <span class='ocr_line' id='line_1_21' title="bbox 568 2850 3031 2945; baseline -0 -16"><span class='ocrx_word' id='word_1_161' title='bbox 568 2869 962 2945; x_wconf 87' lang='lat' dir='ltr'>indagatum</span> <span class='ocrx_word' id='word_1_162' title='bbox 1029 2870 1082 2929; x_wconf 93' lang='lat' dir='ltr'>it</span> <span class='ocrx_word' id='word_1_163' title='bbox 1143 2868 1580 2931; x_wconf 87' lang='lat' dir='ltr'>Habrotonon</span> <span class='ocrx_word' id='word_1_164' title='bbox 1635 2870 2000 2931; x_wconf 86' lang='lat' dir='ltr'>adiuvante</span> <span class='ocrx_word' id='word_1_165' title='bbox 2048 2870 2391 2945; x_wconf 89' lang='lat' dir='ltr'>Onesimo,</span> <span class='ocrx_word' id='word_1_166' title='bbox 2441 2850 2721 2944; x_wconf 86' lang='lat' dir='ltr'>sperans</span> <span class='ocrx_word' id='word_1_167' title='bbox 2767 2868 2910 2929; x_wconf 88' lang='lat' dir='ltr'>fore</span> <span class='ocrx_word' id='word_1_168' title='bbox 2958 2871 3031 2929; x_wconf 88' lang='lat' dir='ltr'>ut</span> 
     </span>
     <span class='ocr_line' id='line_1_22' title="bbox 574 2983 3029 3061; baseline -0.001 -15"><span class='ocrx_word' id='word_1_169' title='bbox 574 2984 945 3061; x_wconf 84' lang='lat' dir='ltr'>Charisius,</span> <span class='ocrx_word' id='word_1_170' title='bbox 993 2984 1342 3059; x_wconf 89' lang='lat' dir='ltr'>repudiata</span> <span class='ocrx_word' id='word_1_171' title='bbox 1388 3000 1550 3046; x_wconf 84' lang='lat' dir='ltr'>mox</span> <span class='ocrx_word' id='word_1_172' title='bbox 1595 2984 1946 3060; x_wconf 89' lang='lat' dir='ltr'>Pamphila</span> <span class='ocrx_word' id='word_1_173' title='bbox 1984 2998 2285 3058; x_wconf 82' lang='lat' dir='ltr'>novoque</span> <span class='ocrx_word' id='word_1_174' title='bbox 2324 3000 2475 3045; x_wconf 91' lang='lat' dir='ltr'>cum</span> <span class='ocrx_word' id='word_1_175' title='bbox 2518 2986 2735 3044; x_wconf 89' lang='lat' dir='ltr'>matre</span> <span class='ocrx_word' id='word_1_176' title='bbox 2772 2983 3029 3059; x_wconf 91' lang='lat' dir='ltr'>pueruli</span> 
     </span>
     <span class='ocr_line' id='line_1_23' title="bbox 569 3096 3002 3175; baseline -0 -18"><span class='ocrx_word' id='word_1_177' title='bbox 569 3098 736 3159; x_wconf 89' lang='lat' dir='ltr'>inito</span> <span class='ocrx_word' id='word_1_178' title='bbox 782 3098 1241 3175; x_wconf 89' lang='lat' dir='ltr'>matrimoni0,</span> <span class='ocrx_word' id='word_1_179' title='bbox 1294 3100 1512 3174; x_wconf 88' lang='lat' dir='ltr'>ipsam</span> <span class='ocrx_word' id='word_1_180' title='bbox 1561 3098 1873 3159; x_wconf 90' lang='lat' dir='ltr'>libertate</span> <span class='ocrx_word' id='word_1_181' title='bbox 1921 3099 2148 3175; x_wconf 88' lang='lat' dir='ltr'>donet,</span> <span class='ocrx_word' id='word_1_182' title='bbox 2200 3098 2339 3159; x_wconf 86' lang='lat' dir='ltr'>veri</span> <span class='ocrx_word' id='word_1_183' title='bbox 2386 3098 2630 3173; x_wconf 88' lang='lat' dir='ltr'>reperti</span> <span class='ocrx_word' id='word_1_184' title='bbox 2674 3096 3002 3157; x_wconf 87' lang='lat' dir='ltr'>mercede.</span> 
     </span>
    </p>

    <p class='ocr_par' dir='ltr' id='par_1_4' title="bbox 573 3210 3043 3759">
     <span class='ocr_line' id='line_1_24' title="bbox 667 3210 3030 3289; baseline -0.001 -16"><span class='ocrx_word' id='word_1_185' title='bbox 667 3212 820 3273; x_wconf 86' lang='lat' dir='ltr'>Mox</span> <span class='ocrx_word' id='word_1_186' title='bbox 887 3228 1039 3273; x_wconf 88' lang='lat' dir='ltr'>vero</span> <span class='ocrx_word' id='word_1_187' title='bbox 1103 3213 1417 3289; x_wconf 86' lang='lat' dir='ltr'>adspecta</span> <span class='ocrx_word' id='word_1_188' title='bbox 1460 3212 1810 3289; x_wconf 88' lang='lat' dir='ltr'>Pamphila</span> <span class='ocrx_word' id='word_1_189' title='bbox 1856 3213 2286 3274; x_wconf 87' lang='lat' dir='ltr'>Habrotonon</span> <span class='ocrx_word' id='word_1_190' title='bbox 2335 3211 2661 3287; x_wconf 88' lang='lat' dir='ltr'>intellegit</span> <span class='ocrx_word' id='word_1_191' title='bbox 2706 3210 3030 3285; x_wconf 88' lang='lat' dir='ltr'>quomodo</span> 
     </span>
     <span class='ocr_line' id='line_1_25' title="bbox 573 3306 3031 3403; baseline -0 -18"><span class='ocrx_word' id='word_1_192' title='bbox 573 3342 681 3386; x_wconf 87' lang='lat' dir='ltr'>res</span> <span class='ocrx_word' id='word_1_193' title='bbox 745 3341 819 3386; x_wconf 91' lang='lat' dir='ltr'>se</span> <span class='ocrx_word' id='word_1_194' title='bbox 884 3326 1148 3388; x_wconf 87' lang='lat' dir='ltr'>habeat.</span> <span class='ocrx_word' id='word_1_195' title='bbox 1213 3327 1339 3388; x_wconf 88' lang='lat' dir='ltr'>Sed</span> <span class='ocrx_word' id='word_1_196' title='bbox 1385 3306 1771 3403; x_wconf 85' lang='lat' dir='ltr'>priusquam</span> <span class='ocrx_word' id='word_1_197' title='bbox 1821 3328 2138 3403; x_wconf 89' lang='lat' dir='ltr'>coniuges</span> <span class='ocrx_word' id='word_1_198' title='bbox 2184 3328 2358 3386; x_wconf 87' lang='lat' dir='ltr'>inter</span> <span class='ocrx_word' id='word_1_199' title='bbox 2405 3341 2479 3387; x_wconf 91' lang='lat' dir='ltr'>se</span> <span class='ocrx_word' id='word_1_200' title='bbox 2524 3324 2879 3386; x_wconf 91' lang='lat' dir='ltr'>conciliare</span> <span class='ocrx_word' id='word_1_201' title='bbox 2926 3340 3031 3399; x_wconf 92' lang='lat' dir='ltr'>po-</span> 
     </span>
     <span class='ocr_line' id='line_1_26' title="bbox 575 3438 3033 3516; baseline -0.001 -15"><span class='ocrx_word' id='word_1_202' title='bbox 575 3440 736 3516; x_wconf 89' lang='lat' dir='ltr'>tuit,</span> <span class='ocrx_word' id='word_1_203' title='bbox 797 3456 949 3501; x_wconf 91' lang='lat' dir='ltr'>ecce</span> <span class='ocrx_word' id='word_1_204' title='bbox 1016 3441 1208 3502; x_wconf 85' lang='lat' dir='ltr'>adest</span> <span class='ocrx_word' id='word_1_205' title='bbox 1271 3441 1485 3501; x_wconf 91' lang='lat' dir='ltr'>denuo</span> <span class='ocrx_word' id='word_1_206' title='bbox 1550 3441 1913 3501; x_wconf 88' lang='lat' dir='ltr'>Smicrines</span> <span class='ocrx_word' id='word_1_207' title='bbox 1962 3456 2046 3501; x_wconf 86' lang='lat' dir='ltr'>ex</span> <span class='ocrx_word' id='word_1_208' title='bbox 2092 3439 2253 3501; x_wconf 91' lang='lat' dir='ltr'>urbe</span> <span class='ocrx_word' id='word_1_209' title='bbox 2302 3440 2534 3502; x_wconf 79' lang='lat' dir='ltr'>redux,</span> <span class='ocrx_word' id='word_1_210' title='bbox 2606 3438 2882 3499; x_wconf 83' lang='lat' dir='ltr'>Audivit</span> <span class='ocrx_word' id='word_1_211' title='bbox 2928 3438 3033 3499; x_wconf 85' lang='lat' dir='ltr'>hic</span> 
     </span>
     <span class='ocr_line' id='line_1_27' title="bbox 576 3550 3042 3630; baseline -0.002 -15"><span class='ocrx_word' id='word_1_212' title='bbox 576 3569 898 3629; x_wconf 90' lang='lat' dir='ltr'>generum</span> <span class='ocrx_word' id='word_1_213' title='bbox 968 3554 1153 3630; x_wconf 91' lang='lat' dir='ltr'>pueri</span> <span class='ocrx_word' id='word_1_214' title='bbox 1223 3554 1483 3613; x_wconf 87' lang='lat' dir='ltr'>inventi</span> <span class='ocrx_word' id='word_1_215' title='bbox 1553 3555 1844 3630; x_wconf 84' lang='lat' dir='ltr'>patrem,</span> <span class='ocrx_word' id='word_1_216' title='bbox 1908 3552 2245 3614; x_wconf 88' lang='lat' dir='ltr'>fidicinam</span> <span class='ocrx_word' id='word_1_217' title='bbox 2306 3555 2594 3614; x_wconf 85' lang='lat' dir='ltr'>matrem</span> <span class='ocrx_word' id='word_1_218' title='bbox 2662 3566 2842 3624; x_wconf 82' lang='lat' dir='ltr'>esse3</span> <span class='ocrx_word' id='word_1_219' title='bbox 2904 3550 3042 3611; x_wconf 88' lang='lat' dir='ltr'>adit</span> 
     </span>
     <span class='ocr_line' id='line_1_28' title="bbox 576 3665 3043 3759; baseline -0.002 -30"><span class='ocrx_word' id='word_1_220' title='bbox 576 3668 781 3730; x_wconf 87' lang='lat' dir='ltr'>filiam</span> <span class='ocrx_word' id='word_1_221' title='bbox 847 3668 1283 3730; x_wconf 88' lang='lat' dir='ltr'>vehementer</span> <span class='ocrx_word' id='word_1_222' title='bbox 1342 3668 1758 3745; x_wconf 89' lang='lat' dir='ltr'>indignatus:</span> <span class='ocrx_word' id='word_1_223' title='bbox 1829 3668 2195 3759; x_wconf 78' lang='lat' dir='ltr'>„paelicem</span> <span class='ocrx_word' id='word_1_224' title='bbox 2251 3667 2580 3741; x_wconf 88' lang='lat' dir='ltr'>huiusque</span> <span class='ocrx_word' id='word_1_225' title='bbox 2630 3665 2956 3726; x_wconf 85' lang='lat' dir='ltr'>infantem</span> <span class='ocrx_word' id='word_1_226' title='bbox 3004 3679 3043 3723; x_wconf 91' lang='lat' dir='ltr'>a</span> 
     </span>
    </p>
   </div>
   <div class='ocr_carea' id='block_1_3' title="bbox 575 3949 3047 4575">
    <p class='ocr_par' dir='ltr' id='par_1_5' title="bbox 575 3949 3047 4575">
     <span class='ocr_line' id='line_1_29' title="bbox 639 3949 3046 4016; baseline 0 -17"><span class='ocrx_word' id='word_1_227' title='bbox 639 3950 680 4016; x_wconf 86' lang='lat'>¹)</span> <span class='ocrx_word' id='word_1_228' title='bbox 714 3953 758 3999; x_wconf 80' lang='grc' dir='ltr'><strong>Ε</strong></span> <span class='ocrx_word' id='word_1_229' title='bbox 795 3953 1064 4011; x_wconf 73' lang='lat' dir='ltr'>tragoedia</span> <span class='ocrx_word' id='word_1_230' title='bbox 1099 3955 1153 3999; x_wconf 79' lang='lat' dir='ltr'>et</span> <span class='ocrx_word' id='word_1_231' title='bbox 1177 3954 1314 3999; x_wconf 72' lang='lat' dir='ltr'>hanc</span> <span class='ocrx_word' id='word_1_232' title='bbox 1345 3949 1642 4015; x_wconf 68' lang='lat' dir='ltr'>materiem,</span> <span class='ocrx_word' id='word_1_233' title='bbox 1672 3956 1734 4000; x_wconf 86' lang='lat' dir='ltr'>ut</span> <span class='ocrx_word' id='word_1_234' title='bbox 1763 3950 1937 4013; x_wconf 83' lang='lat' dir='ltr'>ipsum</span> <span class='ocrx_word' id='word_1_235' title='bbox 1969 3953 2185 4000; x_wconf 69' lang='lat' dir='ltr'>fabulae</span> <span class='ocrx_word' id='word_1_236' title='bbox 2213 3956 2603 4013; x_wconf 72' lang='lat' dir='ltr'>argumentum,</span> <span class='ocrx_word' id='word_1_237' title='bbox 2632 3954 2685 3999; x_wconf 87' lang='lat' dir='ltr'>in</span> <span class='ocrx_word' id='word_1_238' title='bbox 2718 3949 3046 4000; x_wconf 74' lang='lat' dir='ltr'>comoediam</span> 
     </span>
     <span class='ocr_line' id='line_1_30' title="bbox 577 4029 3043 4093; baseline 0 -16"><span class='ocrx_word' id='word_1_239' title='bbox 577 4044 696 4079; x_wconf 81' lang='lat' dir='ltr'>esse</span> <span class='ocrx_word' id='word_1_240' title='bbox 733 4033 1045 4079; x_wconf 72' lang='lat' dir='ltr'>translatum</span> <span class='ocrx_word' id='word_1_241' title='bbox 1090 4036 1312 4093; x_wconf 69' lang='lat' dir='ltr'>apparet</span> <span class='ocrx_word' id='word_1_242' title='bbox 1355 4032 1546 4080; x_wconf 73' lang='lat' dir='ltr'>collato</span> <span class='ocrx_word' id='word_1_243' title='bbox 1588 4033 1783 4092; x_wconf 81' lang='lat' dir='ltr'>Alopes</span> <span class='ocrx_word' id='word_1_244' title='bbox 1825 4030 2147 4093; x_wconf 67' lang='lat' dir='ltr'>Euripidem</span> <span class='ocrx_word' id='word_1_245' title='bbox 2191 4036 2524 4091; x_wconf 77' lang='lat' dir='ltr'>argumento:</span> <span class='ocrx_word' id='word_1_246' title='bbox 2577 4029 2862 4092; x_wconf 78' lang='lat' dir='ltr'>Cercyonis</span> <span class='ocrx_word' id='word_1_247' title='bbox 2901 4033 3043 4091; x_wconf 75' lang='lat' dir='ltr'>regis</span> 
     </span>
     <span class='ocr_line' id='line_1_31' title="bbox 576 4110 3047 4174; baseline -0 -14"><span class='ocrx_word' id='word_1_248' title='bbox 576 4111 688 4160; x_wconf 70' lang='lat' dir='ltr'>fllia</span> <span class='ocrx_word' id='word_1_249' title='bbox 735 4112 900 4171; x_wconf 77' lang='lat' dir='ltr'>Alope</span> <span class='ocrx_word' id='word_1_250' title='bbox 943 4112 1187 4173; x_wconf 79' lang='lat' dir='ltr'>Neptuno</span> <span class='ocrx_word' id='word_1_251' title='bbox 1231 4114 1442 4173; x_wconf 82' lang='lat' dir='ltr'>peperit</span> <span class='ocrx_word' id='word_1_252' title='bbox 1483 4110 1758 4169; x_wconf 69' lang='lat' dir='ltr'>infantem,</span> <span class='ocrx_word' id='word_1_253' title='bbox 1805 4125 1963 4171; x_wconf 84' lang='lat' dir='ltr'>quem</span> <span class='ocrx_word' id='word_1_254' title='bbox 2004 4113 2069 4159; x_wconf 75' lang='lat' dir='ltr'>ab</span> <span class='ocrx_word' id='word_1_255' title='bbox 2107 4127 2170 4160; x_wconf 69' lang='lat' dir='ltr'>en</span> <span class='ocrx_word' id='word_1_256' title='bbox 2206 4114 2501 4173; x_wconf 81' lang='lat' dir='ltr'>expositum</span> <span class='ocrx_word' id='word_1_257' title='bbox 2537 4111 2665 4159; x_wconf 76' lang='lat' dir='ltr'>vidit</span> <span class='ocrx_word' id='word_1_258' title='bbox 2688 4115 2868 4174; x_wconf 72' lang='lat' dir='ltr'>pastor</span> <span class='ocrx_word' id='word_1_259' title='bbox 2899 4114 3047 4174; x_wconf 77' lang='lat' dir='ltr'>alque</span> 
     </span>
     <span class='ocr_line' id='line_1_32' title="bbox 576 4190 3047 4255; baseline -0.001 -14"><span class='ocrx_word' id='word_1_260' title='bbox 576 4191 800 4241; x_wconf 68' lang='lat' dir='ltr'>cuntulit.</span> <span class='ocrx_word' id='word_1_261' title='bbox 849 4190 942 4253; x_wconf 77' lang='lat' dir='ltr'>Qui</span> <span class='ocrx_word' id='word_1_262' title='bbox 984 4194 1115 4239; x_wconf 72' lang='lat' dir='ltr'>veste</span> <span class='ocrx_word' id='word_1_263' title='bbox 1157 4192 1293 4254; x_wconf 63' lang='grc' dir='ltr'><em>νομέα</em></span> <span class='ocrx_word' id='word_1_264' title='bbox 1336 4190 1560 4240; x_wconf 72' lang='lat' dir='ltr'>indutum</span> <span class='ocrx_word' id='word_1_265' title='bbox 1606 4206 1710 4239; x_wconf 71' lang='lat' dir='ltr'>eum</span> <span class='ocrx_word' id='word_1_266' title='bbox 1755 4192 1810 4239; x_wconf 83' lang='lat' dir='ltr'>in</span> <span class='ocrx_word' id='word_1_267' title='bbox 1853 4207 2009 4240; x_wconf 76' lang='lat' dir='ltr'>oasam</span> <span class='ocrx_word' id='word_1_268' title='bbox 2050 4192 2261 4247; x_wconf 74' lang='lat' dir='ltr'>tulisset,</span> <span class='ocrx_word' id='word_1_269' title='bbox 2296 4192 2427 4239; x_wconf 84' lang='lat' dir='ltr'>alter</span> <span class='ocrx_word' id='word_1_270' title='bbox 2458 4194 2728 4255; x_wconf 72' lang='lat' dir='ltr'>compastor</span> <span class='ocrx_word' id='word_1_271' title='bbox 2762 4191 2955 4254; x_wconf 71' lang='lat' dir='ltr'>royavit</span> <span class='ocrx_word' id='word_1_272' title='bbox 2988 4194 3047 4239; x_wconf 78' lang='lat' dir='ltr'>ut</span> 
     </span>
     <span class='ocr_line' id='line_1_33' title="bbox 575 4270 3046 4335; baseline -0.002 -13"><span class='ocrx_word' id='word_1_273' title='bbox 575 4270 672 4323; x_wconf 74' lang='lat' dir='ltr'>eibi</span> <span class='ocrx_word' id='word_1_274' title='bbox 714 4285 820 4319; x_wconf 79' lang='lat' dir='ltr'>enm</span> <span class='ocrx_word' id='word_1_275' title='bbox 866 4270 1110 4335; x_wconf 78' lang='lat' dir='ltr'>infantem</span> <span class='ocrx_word' id='word_1_276' title='bbox 1156 4270 1384 4319; x_wconf 81' lang='lat' dir='ltr'>donaret.-</span> <span class='ocrx_word' id='word_1_277' title='bbox 1431 4271 1522 4319; x_wconf 77' lang='lat' dir='ltr'>ille</span> <span class='ocrx_word' id='word_1_278' title='bbox 1563 4271 1612 4318; x_wconf 77' lang='lat' dir='ltr'>ei</span> <span class='ocrx_word' id='word_1_279' title='bbox 1653 4271 1857 4319; x_wconf 75' lang='lat' dir='ltr'>donavit</span> <span class='ocrx_word' id='word_1_280' title='bbox 1893 4272 2003 4319; x_wconf 72' lang='lat' dir='ltr'>sine</span> <span class='ocrx_word' id='word_1_281' title='bbox 2033 4274 2178 4319; x_wconf 75' lang='lat' dir='ltr'>veste.</span> <span class='ocrx_word' id='word_1_282' title='bbox 2218 4270 2331 4319; x_wconf 74' lang='lat' dir='ltr'>Cum</span> <span class='ocrx_word' id='word_1_283' title='bbox 2364 4274 2526 4319; x_wconf 62' lang='lat' dir='ltr'>auten</span> <span class='ocrx_word' id='word_1_284' title='bbox 2558 4272 2688 4318; x_wconf 77' lang='lat' dir='ltr'>inter</span> <span class='ocrx_word' id='word_1_285' title='bbox 2720 4285 2800 4318; x_wconf 74' lang='lat' dir='ltr'>eos</span> <span class='ocrx_word' id='word_1_286' title='bbox 2835 4270 3046 4333; x_wconf 70' lang='lat' dir='ltr'>int-qiam</span> 
     </span>
     <span class='ocr_line' id='line_1_34' title="bbox 577 4348 3029 4415; baseline -0 -17"><span class='ocrx_word' id='word_1_287' title='bbox 577 4354 719 4406; x_wconf 68' lang='lat' dir='ltr'>esset,</span> <span class='ocrx_word' id='word_1_288' title='bbox 756 4348 885 4413; x_wconf 79' lang='lat' dir='ltr'>quod</span> <span class='ocrx_word' id='word_1_289' title='bbox 913 4350 998 4413; x_wconf 79' lang='lat' dir='ltr'>qui</span> <span class='ocrx_word' id='word_1_290' title='bbox 1022 4366 1227 4413; x_wconf 70' lang='lat' dir='ltr'>puerum</span> <span class='ocrx_word' id='word_1_291' title='bbox 1257 4354 1510 4415; x_wconf 76' lang='lat' dir='ltr'>acceperat</span> <span class='ocrx_word' id='word_1_292' title='bbox 1544 4351 1763 4414; x_wconf 72' lang='lat' dir='ltr'>insiqnia</span> <span class='ocrx_word' id='word_1_293' title='bbox 1796 4351 2122 4414; x_wconf 69' lang='lat' dir='ltr'>inqenuitatis</span> <span class='ocrx_word' id='word_1_294' title='bbox 2149 4353 2431 4413; x_wconf 72' lang='lat' dir='ltr'>reposceret,</span> <span class='ocrx_word' id='word_1_295' title='bbox 2459 4350 2549 4398; x_wconf 83' lang='lat' dir='ltr'>ille</span> <span class='ocrx_word' id='word_1_296' title='bbox 2574 4354 2735 4398; x_wconf 73' lang='lat' dir='ltr'>autem</span> <span class='ocrx_word' id='word_1_297' title='bbox 2764 4365 2860 4398; x_wconf 81' lang='lat' dir='ltr'>non</span> <span class='ocrx_word' id='word_1_298' title='bbox 2887 4349 3029 4397; x_wconf 85' lang='lat' dir='ltr'>daret</span> 
     </span>
     <span class='ocr_line' id='line_1_35' title="bbox 577 4427 3047 4495; baseline -0.001 -17"><span class='ocrx_word' id='word_1_299' title='bbox 577 4429 919 4478; x_wconf 75' lang='lat' dir='ltr'>contendentes</span> <span class='ocrx_word' id='word_1_300' title='bbox 958 4430 1027 4477; x_wconf 83' lang='lat' dir='ltr'>ad</span> <span class='ocrx_word' id='word_1_301' title='bbox 1065 4446 1222 4493; x_wconf 71' lang='lat' dir='ltr'>reyem</span> <span class='ocrx_word' id='word_1_302' title='bbox 1270 4428 1547 4493; x_wconf 75' lang='lat' dir='ltr'>Cercyonem</span> <span class='ocrx_word' id='word_1_303' title='bbox 1595 4435 1831 4479; x_wconf 78' lang='lat' dir='ltr'>venerunt</span> <span class='ocrx_word' id='word_1_304' title='bbox 1872 4435 1922 4479; x_wconf 89' lang='lat' dir='ltr'>et</span> <span class='ocrx_word' id='word_1_305' title='bbox 1964 4430 2249 4479; x_wconf 74' lang='lat' dir='ltr'>contendere</span> <span class='ocrx_word' id='word_1_306' title='bbox 2292 4427 2348 4495; x_wconf 92' lang='grc' dir='ltr'>(Ι.</span> <span class='ocrx_word' id='word_1_307' title='bbox 2387 4444 2561 4479; x_wconf 76' lang='lat' dir='ltr'>coram</span> <span class='ocrx_word' id='word_1_308' title='bbox 2597 4430 2692 4478; x_wconf 91' lang='lat' dir='ltr'>illo</span> <span class='ocrx_word' id='word_1_309' title='bbox 2721 4430 3047 4490; x_wconf 53' lang='lat' dir='ltr'>disputaren</span> 
     </span>
     <span class='ocr_line' id='line_1_36' title="bbox 575 4508 3047 4575; baseline 0 -18"><span class='ocrx_word' id='word_1_310' title='bbox 575 4518 848 4571; x_wconf 77' lang='lat' dir='ltr'>coeperunt.</span> <span class='ocrx_word' id='word_1_311' title='bbox 894 4508 998 4557; x_wconf 81' lang='lat' dir='ltr'>Ille</span> <span class='ocrx_word' id='word_1_312' title='bbox 1040 4514 1202 4558; x_wconf 79' lang='lat' dir='ltr'>autem</span> <span class='ocrx_word' id='word_1_313' title='bbox 1247 4511 1330 4574; x_wconf 76' lang='lat' dir='ltr'>qui</span> <span class='ocrx_word' id='word_1_314' title='bbox 1373 4510 1622 4575; x_wconf 71' lang='lat' dir='ltr'>infantem</span> <span class='ocrx_word' id='word_1_315' title='bbox 1663 4510 1895 4558; x_wconf 80' lang='lat' dir='ltr'>donatum</span> <span class='ocrx_word' id='word_1_316' title='bbox 1940 4514 2192 4573; x_wconf 80' lang='lat' dir='ltr'>acceperat</span> <span class='ocrx_word' id='word_1_317' title='bbox 2232 4513 2447 4574; x_wconf 83' lang='lat' dir='ltr'>repetere</span> <span class='ocrx_word' id='word_1_318' title='bbox 2487 4510 2705 4573; x_wconf 71' lang='lat' dir='ltr'>ineiqnia</span> <span class='ocrx_word' id='word_1_319' title='bbox 2738 4509 2897 4572; x_wconf 78' lang='lat' dir='ltr'>coepit</span> <span class='ocrx_word' id='word_1_320' title='bbox 2931 4524 3047 4570; x_wconf 80' lang='lat' dir='ltr'>sqq.</span> 
     </span>
    </p>
   </div>
   <div class='ocr_carea' id='block_1_4' title="bbox 575 4588 2141 4651">
    <p class='ocr_par' dir='ltr' id='par_1_6' title="bbox 575 4588 2141 4651">
     <span class='ocr_line' id='line_1_37' title="bbox 575 4588 2141 4651; baseline 0.001 -14"><span class='ocrx_word' id='word_1_321' title='bbox 575 4588 797 4650; x_wconf 76' lang='lat' dir='ltr'>(Hygia.</span> <span class='ocrx_word' id='word_1_322' title='bbox 837 4591 950 4649; x_wconf 76' lang='lat'><strong>18⁷,</strong></span> <span class='ocrx_word' id='word_1_323' title='bbox 990 4590 1237 4638; x_wconf 69' lang='lat' dir='ltr'>laudatus</span> <span class='ocrx_word' id='word_1_324' title='bbox 1272 4604 1303 4637; x_wconf 73' lang='grc' dir='ltr'>ε,</span> <span class='ocrx_word' id='word_1_325' title='bbox 1339 4592 1583 4651; x_wconf 87' lang='lat' dir='ltr'>Bodino).</span> <span class='ocrx_word' id='word_1_326' title='bbox 1625 4592 1702 4638; x_wconf 79' lang='lat' dir='ltr'>Of.</span> <span class='ocrx_word' id='word_1_327' title='bbox 1737 4589 1877 4638; x_wconf 75' lang='lat' dir='ltr'>infra</span> <span class='ocrx_word' id='word_1_328' title='bbox 1911 4605 1987 4638; x_wconf 81' lang='lat' dir='ltr'>vs.</span> <span class='ocrx_word' id='word_1_329' title='bbox 2028 4591 2141 4638; x_wconf 74' lang='lat'>18⁷.</span> 
     </span>
    </p>
   </div>
  </div>
 </body>
</html>
