3519 5416
1425 561 1929 608 DlsonP‘rAN'rnS.
2822 550 2905 608 39

1475 918 1644 967 Saltat
1677 918 1884 966 chorus.

1229 1157 1576 1230 Acws
1620 1157 2116 1227 TER'HUS.

1365 1321 1652 1378 semu
1693 1321 2003 1378 Pium.

1073 1452 1139 1512 (E
1175 1450 1394 1500 Charisii
1431 1449 1653 1497 aedibus
1685 1449 1863 1510 prodit
1898 1450 1940 1496 Ο
1956 1464 1989 1495 n
2002 1463 2031 1497 e
2044 1450 2162 1498 sim
2180 1464 2212 1497 u
2226 1449 2291 1509 s.)

1325 1569 1783 1631 Onesimus
1828 1569 2036 1632 solus·

1434 1733 1924 1793 ΟΝΗΣΙΜΟΣ.

896 1846 1000 1907 τὸν
1047 1847 1370 1908 δακτύλιον
1420 1844 1670 1927 ὦρμηκα
1715 1849 1887 1905 πλεῖν
1932 1843 1973 1925 ἢ
2019 1845 2302 1919 πεντάκις

893 1969 974 2043 τῷ
1022 1959 1281 2044 δεσπότῃ
1329 1960 1518 2033 δεῖξαι
1561 1959 1945 2038 προσελθών,
1988 1958 2090 2020 καὶ
2137 1958 2376 2037 σφόδρα

896 2071 982 2135 ὢν
1030 2071 1206 2155 ἔγγὺς
1251 2071 1401 2153 ἤδη,
1444 2072 1546 2135 καὶ
1592 2072 1742 2153 πρὸς
1790 2073 1953 2157 αὐτῷ
2001 2078 2337 2152 παντελῶς,

456 2190 584 2250 205
898 2184 1266 2265 ἀναδύομαι.
1309 2185 1413 2248 καὶ
1454 2196 1574 2248 τῶν
1619 2186 1911 2267 πρότερόν
1958 2209 2062 2264 μοι
2105 2185 2411 2265 μεταμέλει

897 2301 1283 2381 μηνυμάτων·
1327 2300 1484 2382 λέγει
1527 2301 1642 2382 γὰρ
1689 2299 1964 2373 ἐπιεικῶς
2009 2301 2230 2361 πυκνά·

893 2413 1013 2493 ,,ὧς
1058 2415 1162 2477 τὸν
1185 2395 1529 2496 οφράσαντα
1572 2415 1769 2476 ταῦτά·
1807 2437 1909 2492 μοι
1954 2414 2147 2476 κακὸν
2192 2422 2393 2486 κακῶς

897 2527 930 2590 ὁ
981 2530 1131 2603 Ζεὺς
1177 2528 1539 2592 ἀπολέσαιῐςς
1591 2566 1670 2575 -
1721 2530 1805 2608 μή
1851 2552 1921 2608 με
1968 2528 2045 2608 δὴ
2093 2527 2428 2608 διαλλαγεὶς

895 2644 1047 2726 πρὸς
1089 2644 1200 2725 τὴν
1245 2651 1512 2726 γυναῖκα
1556 2644 1662 2706 τὸν
1708 2644 2028 2727 φράσαντα
2072 2653 2259 2705 ταῦτα
2304 2642 2406 2704 καὶ

457 2761 585 2819 210
898 2754 1186 2821 συνειδότ’
1239 2757 1514 2843 ἀφανίσῃ
1560 2760 1781 2840 λαβών.
1829 2765 2024 2832 καλῶς
2072 2757 2139 2820 δέ
2182 2782 2272 2820 τοι

521 2948 636 2994 204.
675 2945 759 3005 ἤδη
792 2940 934 3009 Len]
972 2964 1057 3005 η..
1093 2944 1206 2992 eod.

522 3025 636 3073 207.
673 3032 824 3078 κακῶς
855 3021 992 3084 Lot]
1029 3024 1144 3085 aeoex[
1180 3024 1292 3072 cod.

520 3105 637 3152 208.
669 3122 727 3160 με
763 3104 819 3162 δὴ
851 3102 983 3163 Leo]
1017 3104 1064 3162 μ’
1103 3108 1180 3166 3²31
1213 3104 1326 3153 Les.
1363 3101 1410 3169 (λ
1443 3106 1640 3151 oei-tam
1674 3117 1777 3151 non
1814 3118 1930 3151 esse
1966 3102 2243 3163 scribens).

520 3208 585 3218 —
620 3184 882 3240 διαλλαγεὶς
912 3182 1045 3243 Leo]
1081 3183 1303 3244 διαλλαγ[
1333 3184 1466 3240 eod„
1502 3183 1755 3243 διαλλαγὴν
1789 3184 1903 3231 Les.

521 3264 636 3310 209.
671 3270 820 3309 ταῦτα
853 3264 930 3309 καὶ
963 3262 1102 3323 Len]
1139 3258 1252 3326 ταυ[
1287 3262 1419 3321 eod„
1452 3264 1490 3309 τ’
1530 3266 1650 3310 αὐτὰ
1686 3266 1763 3310 καὶ
1802 3264 1949 3311 vwil.

521 3344 636 3390 210.
671 3339 752 3389 *δι’
787 3342 884 3402 τοι]
919 3342 1179 3402 supplevi,
1214 3343 1266 3389 δῦ
1299 3344 1411 3406 πρὶν
1446 3342 1668 3399 Oroieet,
1701 3352 1851 3389 ποιῶν
1883 3342 2051 3398 vWil.,
2084 3342 2123 3388 δ’
2164 3344 2285 3401 ¹1⁰⁸·
2318 3341 2446 3397 1100,
2478 3342 2575 3400 Ιχιι
2612 3336 2833 3386 Eitrem.

536 3510 672 3565 202.
731 3508 900 3565 Inter
970 3508 1235 3577 priorem
1298 3509 1506 3563 actum
1573 3510 1638 3564 et
1803 3509 1939 3567 206.
1984 3511 2235 3571 ἐπιεικῶς
2276 3507 2481 3574 πυκνά]
2526 3506 2613 3561 vel
2646 3506 2731 3560 sic
2762 3506 2908 3559 satis

455 3603 616 3659 hunc
660 3602 1012 3657 intercessit
1051 3615 1178 3656 nox
1202 3597 1266 3667 1).
1313 3601 1410 3657 Sic
1450 3600 1635 3656 etiam
1712 3602 2059 3671 frequenter,
2088 3600 2239 3655 item
2272 3614 2417 3654 mox
2451 3600 2623 3653 κακὸν
2654 3600 2908 3661 ἐπιεικῶς

455 3695 614 3751 inter
649 3693 912 3750 Nubium
950 3693 1380 3762 Aristophanis
1402 3693 1638 3750 fabulae
1721 3694 1860 3758 μέγα
1883 3688 1926 3760 2)
1962 3692 2187 3746 malum
2223 3692 2367 3747 satis
2401 3706 2697 3760 may-num.
2738 3689 2907 3757 Quod

456 3788 690 3857 partem
713 3786 974 3856 priorem
998 3787 1636 3855 etposterioremtem·
1717 3798 1856 3840 cum
1912 3798 2119 3839 amaro
2176 3784 2303 3839 risu
2360 3784 2500 3839 dicit
2559 3782 2905 3853 Onesimus,

455 3880 618 3949 poris
635 3880 853 3948 aliquid
868 3880 1447 3951 intercessit,neque
1462 3879 1637 3936 aliter
1717 3876 2003 3946 quoniam
2040 3877 2113 3932 de
2153 3876 2386 3945 ingenti
2428 3876 2587 3931 malo
2632 3888 2795 3929 nunc
2828 3874 2909 3929 lo·

452 3973 900 4042 Aristophanes
955 3987 1082 4029 rem
1137 3972 1330 4041 gessit
1384 3973 1442 4027 in
1502 3972 1634 4029 aliis
1716 3970 1946 4039 quitur.

455 4066 694 4121 fabulis.
1799 4063 1935 4118 207.
1982 4062 2401 4132 ὡς...ῑ]ριιαηι
2436 4060 2903 4115 vellem....!-—

538 4159 675 4213 204.
748 4160 930 4226 ἐγγὺς]
994 4158 1204 4213 mente
1263 4159 1462 4226 suppl.
1528 4164 1630 4212 τοῦ
1716 4155 1945 4224 Quarto
1987 4156 2277 4223 quintove
2319 4154 2413 4210 die
2456 4156 2525 4209 ut
2562 4154 2774 4222 opinor
2812 4154 2907 4209 ab·

455 4252 793 4319 πράγματος.
1715 4248 1854 4303 hinc
1887 4250 1960 4303 ad
1997 4248 2337 4304 charisium
2373 4248 2447 4303 ab
2484 4246 2701 4302 itinere
2737 4248 2905 4302 redu·

533 4374 614 4383 ——
650 4344 827 4411 αὐτῷ]
865 4344 1070 4399 mente
1106 4343 1307 4412 suppl.
1342 4349 1425 4412 τῷ
1457 4345 1628 4411 πράγ-
1712 4355 1845 4397 cem
1880 4340 2208 4397 Onesimus
2243 4343 2423 4409 turpe
2458 4340 2615 4407 quod
2647 4340 2909 4408 putabat

459 4454 602 4503 ματι.
1713 4434 1893 4490 herae
1934 4434 2237 4503 flagitium
2282 4433 2524 4489 detulit.

524 4635 566 4700 ι)
601 4640 679 4689 or.
715 4653 790 4689 va.
828 4640 923 4688 197
961 4643 1015 4687 et
1049 4639 1164 4686 225.
1199 4664 1265 4673 —
1299 4635 1343 4703 ²)
1379 4639 1464 4686 vs.
1501 4640 1617 4685 212.
