3519 5416
1837 621 1903 664 vt

639 798 921 858 necdum
980 797 1144 856 haec
1202 796 1426 856 studia
1485 795 1975 856 deferbuerunt.
2040 795 2215 870 Quas
2275 794 2777 855 observationes
2824 807 3095 866 perpen-

638 910 833 972 dendi
898 910 1083 971 labor
1151 909 1365 972 multo
1433 911 1637 969 etiam
1693 909 1946 984 gratior
2004 909 2242 976 fuisset
2302 909 2361 969 si
2420 909 2519 969 uti
2582 911 2720 970 iam
2784 906 3093 967 licuisset

637 1024 930 1100 imagine
967 1025 1351 1100 phototypa.
1392 1023 1573 1084 Haec
1610 1023 1821 1083 donec
1856 1025 2119 1098 praesto
2157 1023 2381 1099 fuerit,
2412 1022 2614 1092 ‚firmo
2658 1021 3092 1093 fundamento

637 1139 870 1199 multis
929 1138 1092 1198 locis
1152 1137 1472 1198 carebunt
1532 1136 1873 1197 Menandri
1932 1136 2245 1213 studiosi,
2302 1139 2407 1197 cui
2454 1144 2924 1213 superstruant
2969 1159 3092 1204 sua

641 1253 1029 1327 conamina3
1103 1267 1218 1312 cur
1303 1254 1531 1312 autem
1615 1251 1819 1311 etiam
1891 1251 2251 1311 desiderari
2330 1251 2657 1314 eiusmodi
2731 1257 3091 1334 imaginem

639 1381 911 1428 necesse
957 1368 1076 1442 sit,
1127 1366 1307 1426 dictu
1354 1367 1461 1425 est
1503 1364 1786 1424 difficile.
1836 1364 1967 1425 Sub
2014 1366 2172 1425 anni
2219 1365 2420 1427 huius
2465 1365 2663 1429 finem
2704 1372 3091 1447 evulgatum

639 1482 723 1542 iri
794 1481 924 1541 fert
983 1495 1241 1540 rumor:
1305 1494 1482 1539 nunc
1527 1481 1704 1540 certe
1752 1479 1978 1540 haberi
2024 1480 2275 1554 nequit.
2324 1481 2413 1540 At
2457 1497 2629 1541 nunc
2672 1500 2849 1545 nova
2894 1486 3094 1546 editio

639 1594 1010 1670 petebatur,
1081 1609 1252 1653 nunc
1331 1593 1545 1668 parari
1623 1592 1869 1654 debuit.
1940 1593 2088 1653 Feci
2156 1593 2361 1667 igitur
2435 1598 2605 1668 quod
2672 1599 2889 1674 potui,
2962 1615 3091 1660 non

640 1709 811 1783 quod
874 1708 1086 1782 volui;
1151 1710 1217 1769 et
1275 1708 1487 1768 multo
1546 1709 1722 1768 certe
1778 1707 2295 1768 emendatiorem
2358 1711 2649 1788 textum,
2715 1728 2914 1786 quam
2968 1713 3095 1774 fuit

639 1823 708 1882 in
767 1822 1134 1898 proecdosi,
1185 1822 1340 1882 dare
1387 1823 1522 1882 iam
1561 1823 1775 1898 potui,
1826 1823 2023 1883 modo
2076 1823 2247 1885 meis
2293 1824 2524 1900 ipsine,
2572 1827 2767 1887 modo
2812 1827 3090 1891 aliorum

637 1937 930 1997 inventis
1001 1951 1180 1996 usus,
1259 1935 1412 1995 Alia
1485 1937 1764 2010 posthac
1841 1937 2174 2012 corrigent
2248 1937 2359 1996 alii
2418 1940 2535 1998 aut
2602 1940 2743 2015 ipse
2810 1940 3093 2001 conabor

639 2051 987 2125 corrigere.

731 2163 1182 2242 Coniecturae,
1233 2180 1400 2238 quas
1430 2165 1630 2226 metri
1668 2165 1965 2241 ipsiusve
1990 2165 2258 2240 linguae
2292 2167 2551 2242 legibus
2592 2168 2930 2228 adversari
2970 2171 3090 2229 aut

638 2279 807 2340 alias
847 2279 928 2339 ob
977 2294 1215 2340 causas
1261 2279 1530 2340 omnino
1573 2279 1938 2339 reiciendas
1985 2295 2136 2340 esse
2176 2281 2501 2355 viderem,
2553 2280 2773 2341 nullas
2819 2281 3093 2342 afferen-

639 2395 759 2454 das
797 2393 986 2468 duxi,
1041 2394 1107 2453 et
1147 2393 1451 2466 quicquid
1485 2392 1681 2451 huius
1721 2393 1987 2466 generis
2024 2392 2089 2450 in
2130 2392 2471 2466 proecdosi
2511 2395 3097 2456 commemorando

638 2507 1197 2582 improbaveram,
1261 2507 1396 2565 iam
1466 2504 1710 2580 delevi,
1772 2505 1901 2565 nisi
1966 2505 2121 2578 quid
2184 2504 2354 2579 fugit
2414 2520 2522 2565 me
2574 2505 3093 2581 imprudentem.

639 2622 716 2681 In
760 2619 1335 2680 emendationibus
1389 2621 1614 2679 autem
1657 2618 1762 2679 vel
1808 2613 2251 2696 probabilibus
2299 2620 2695 2680 coniecturis
2742 2621 3092 2684 laudandis

641 2736 813 2796 hanc
875 2735 1042 2795 mihi
1097 2734 1330 2808 scripsi
1381 2734 1618 2809 legem,
1670 2735 1740 2793 ut
1788 2734 1987 2794 unius
2034 2736 2300 2794 tantum
2350 2735 2474 2794 viri
2522 2749 2763 2796 nomen
2808 2736 3095 2810 singulis

639 2849 1098 2924 appingerem,
1163 2847 1309 2908 eius
1354 2848 1468 2920 qui
1514 2846 1773 2921 primus
1817 2847 2238 2923 protulisset;
2290 2862 2446 2908 nam
2491 2863 2688 2924 saepe
2734 2850 2975 2911 accidit
3020 2854 3099 2912 ut

640 2964 1013 3038 complures
1058 2963 1126 3022 in
1174 2962 1456 3022 eandem
1493 2962 2032 3023 emendationem
2072 2965 2310 3038 sponte
2346 2964 2729 3025 inciderent.
2772 2966 2846 3024 In
2886 2968 3100 3028 cuius-

639 3078 822 3139 modi
879 3077 1130 3138 notulis
1192 3076 1687 3137 conscribendis
1731 3077 1891 3149 quin
1938 3077 2292 3138 nonnullos
2338 3092 2595 3137 errores
2641 3082 3096 3141 commiserim

639 3192 864 3252 nullus
909 3192 1164 3267 dubito,
1215 3192 1331 3252 sed
1379 3192 1612 3252 sedulo
1653 3207 1924 3267 operam
1975 3194 2153 3251 certe
2194 3191 2341 3252 dedi
2381 3194 2457 3251 ut
2498 3207 2698 3253 suum
2737 3195 2969 3269 cuique
3000 3196 3099 3256 sic

636 3305 1020 3366 tribuerem.
1069 3305 1300 3379 Itaque
1361 3306 1427 3365 in
1482 3306 1825 3381 proecdosi
1871 3306 1951 3366 de
1996 3306 2168 3365 meis
2212 3305 2423 3381 ipsius
2470 3308 2869 3368 coniecturis
2916 3311 3098 3371 tacui

640 3419 751 3480 ubi
807 3435 846 3480 3
891 3418 1268 3481 Croenertio
1317 3420 1424 3479 vel
1468 3419 1985 3480 Wilamowitzio
2030 3420 2137 3479 vel
2186 3419 2632 3481 Herwerdeno
2681 3422 2910 3482 eadem
2962 3424 3097 3483 iam

640 3534 901 3611 prolata
962 3548 1115 3594 esse
1182 3533 1518 3609 videbam,
1584 3536 1651 3594 et
1711 3534 1780 3594 in
1844 3534 2056 3594 altera
2119 3535 2243 3594 hac
2305 3534 2592 3595 editione
2648 3536 3100 3612 compluribus

638 3648 1183 3725 correctionibuS,
1247 3663 1412 3723 quas
1466 3663 1613 3708 meo
1660 3647 1932 3709 nomine
1977 3649 2045 3709 in
2090 3648 2435 3723 proecdosi
2482 3650 2913 3726 protuleram,
2943 3651 3097 3711 stel-

639 3762 796 3823 lulis
855 3796 940 3805 ——
1003 3778 1305 3825 meorum
1367 3763 1793 3825 conaminum
1850 3763 2067 3837 signis
2130 3796 2209 3806 —-
2272 3764 2408 3824 iam
2471 3764 2706 3826 deletis
2775 3764 3099 3840 adscripsi

641 3876 922 3937 Arnimii
967 3878 1316 3953 Legrandii
1355 3878 1596 3939 Leonis
1634 3878 1915 3938 aliorum
1965 3878 2240 3939 nomina
2284 3877 2839 3954 honoratissima,
2888 3891 3102 3950 neque

637 3992 890 4053 invitus
929 3992 1306 4053 mehercule
1346 3993 1694 4069 adscripsi,
1736 3993 2049 4066 quoniam
2096 3992 2292 4053 πάντα
2327 3991 2508 4053 κοινὰ
2536 4001 2655 4052 τῶν
2691 3992 2889 4067 φίλων
2920 3984 3103 4069 εἶναι,

640 4106 858 4183 φίλους
926 4101 992 4166 δὲ
1039 4098 1195 4167 εἶναι
1260 4106 1402 4178 τοὺς
1470 4103 1719 4184 ἀληθῶς
1789 4110 2295 4187 φιλολογοῦντας,
2357 4123 2442 4168 ex
2502 4106 2709 4165 animi
2767 4106 3104 4166 sententia
3203 4091 3205 4093 V

642 4220 946 4282 arbitror.

734 4336 1402 4411 „Interpretationem
1444 4336 1834 4397 antecedere
1880 4334 2075 4395 debet
2114 4332 2471 4394 emendata
2507 4332 2777 4407 lectio’',
2820 4366 2898 4376 —-
2940 4332 3104 4391 mul·

639 4451 786 4509 tum
823 4452 1048 4510 autem
1087 4448 1278 4509 abest
1315 4451 1390 4510 ut
1423 4450 1538 4509 aut
1573 4449 1746 4510 satis
1785 4448 1919 4509 iam
1959 4447 2356 4508 emendatus
2394 4446 2481 4506 sit
2521 4447 2859 4507 Menandri
2898 4446 3106 4507 codex

639 4567 757 4625 aut
823 4566 993 4626 satis
1063 4565 1390 4639 cognitus.
1463 4565 1544 4625 Et
1611 4568 1839 4625 tamen
1901 4562 2109 4623 adieci
2180 4562 2703 4622 commentarios
2772 4560 3101 4621 videlicet.

637 4680 848 4745 Erunt
891 4680 1176 4745 fortasse
1224 4680 1336 4757 qui
1383 4680 1640 4741 oblatos
1687 4679 2016 4755 abnuant,
2072 4674 2225 4755 „oron
2271 4674 2394 4736 ἔστι
2438 4674 2550 4757 γὰρ
2597 4668 2751 4735 ταῦτ’
2804 4673 3101 4754 εὐτρεπῆ”
