3519 5416
1415 589 1911 634 mecam-anus.
2807 581 2845 640 6
2864 581 2885 638 1

886 759 1034 839 πρὸς
1080 765 1208 833 ταῖς
1252 760 1476 838 θύραις
1521 759 1634 840 γὰρ
1681 759 1862 820 ἔνδον
1906 758 2123 837 ἀρτίως
2169 765 2365 823 πολὺν

440 877 569 937 405

885 875 1107 954 χρόνον
1157 875 1504 935 διακύπτων
1551 872 1718 951 ἔμενε
1766 873 1867 934 καὶ
1914 872 2315 954 ἀκροώμενος.

886 985 918 1048 ὁ
963 986 1157 1068 πατὴρ
1204 985 1272 1048 δὲ
1322 996 1427 1066 τῆς
1472 989 1720 1067 νύμφης
1767 1012 1821 1048 τι
1868 998 2197 1070 περιοργῶς
2243 991 2410 1052 πάνυ

887 1100 1076 1163 ἐλάλει
1119 1102 1269 1183 πρὸς
1315 1101 1575 1180 ἐκείνην,
1621 1099 1699 1174 ὡς
1745 1099 1907 1182 ἔοιχ’·
1958 1098 1991 1162 ὃ
2040 1097 2092 1163 δ’
2143 1101 2225 1176 ὧς
2271 1104 2476 1165 πυκνὰ

885 1214 1130 1295 ’ἤλλαττε
1177 1211 1459 1296 χρώματ’,
1502 1213 1750 1294 ἄνδρες,
1793 1212 1923 1276 οὐδ’
1981 1215 2173 1277 εἰπεῖν
2220 1218 2427 1279 καλόν.

887 1324 986 1408 ,,ὦ
1031 1329 1427 1412 γλυκυτάτη“,
1471 1330 1537 1391 δέ
1580 1339 1737 1408 ,,τῶν
1783 1331 1979 1411 λόγων
2026 1330 2192 1404 οἴους
2236 1331 2421 1412 λέγεις
2439 1332 2496 1394 1⁶⁴

443 1448 575 1506 410

890 1442 1210 1526 ἀνέκραγε,
1255 1480 1344 1488 -
1387 1443 1500 1524 τὴν
1546 1445 1819 1522 κεφαλήν
1864 1440 1929 1504 θ’
1984 1441 2077 1522 ἅμ’
2132 1444 2383 1520 ἐπάταξε
2429 1448 2671 1525 σφόδρα

888 1557 1110 1638 αὑτοῦ,
1157 1593 1238 1604 -
1286 1559 1470 1619 πάλιν
1517 1555 1584 1619 δὲ
1630 1559 1943 1620 διαλιπών·
1992 1559 2167 1636 ,,οἵαν
2214 1559 2418 1640 λαβὼν

887 1669 1122 1753 γυναῖχ’
1177 1671 1210 1734 ὁ
1257 1672 1463 1750 μέλεος
1510 1671 1851 1752 ἠτύχηκαῐ“
1906 1707 1982 1719 --
2033 1673 2099 1734 τὸ
2147 1671 2213 1733 δὲ
2257 1672 2477 1752 πέρας,

890 1785 971 1861 ὣς
1016 1789 1214 1848 πάντα
1261 1788 1592 1860 διακούσας
1638 1783 1863 1864 ἀπῆλθ’
1919 1787 2059 1848 εἴσω
2104 1786 2266 1848 ποτέ.

891 1902 1244 1982 βρυχηθμὸς
1291 1901 1494 1981 ἔνδον,
1534 1902 1768 1980 τιλμός,
1810 1900 2082 1974 ἔκστασις
2132 1902 2339 1982 συχνή·

450 2017 581 2075 415

519 2171 632 2215 404.
669 2169 727 2216 In
757 2171 861 2218 fine
895 2189 956 2225 ως
987 2175 1134 2218 πολὺν
1171 2173 1372 2220 addidit
1405 2174 1532 2220 Leo.

517 2249 632 2295 405.
667 2245 827 2306 *Ιμινο
861 2253 936 2297 καὶ
972 2252 1287 2315 ἀκροώμενος]
1323 2249 1585 2313 supplevi.

895 2059 932 2092 „
952 2014 1066 2097 ἐγὼ
1110 2016 1224 2097 γὰρ
1273 2015 1635 2094 ἁλιτήριος“,
1677 2016 1917 2077 πυκνὸν
1963 2016 2130 2077 πάνυ

520 2328 634 2374 406.
668 2339 924 2392 περιοργῶς
951 2334 1077 2378 πάνυ
1105 2327 1276 2396 vWil.]
1307 2332 1437 2396 “⁸94
1457 2332 1590 2388 cod„
1608 2333 1712 2394 περὶ
1733 2339 1817 2378 τοῦ
1835 2331 2027 2378 παιδίου
2047 2331 2269 2390 Oroiset,
2289 2333 2393 2396 περὶ
2410 2337 2653 2386 κακώσεως
2670 2330 2897 2379 vArnim.

514 2407 632 2454 407.
667 2409 727 2462 ὡς
759 2409 938 2469 πυκνὰ]
973 2411 1244 2471 supplevit
1276 2410 1442 2468 vwn„
1469 2413 1616 2464 εὐθὺς
1643 2413 1701 2465 ὡς
1721 2411 2105 2471 οτοἰεοῒ,αὐτίχ’
2130 2415 2189 2465 ὡς
2206 2411 2389 2469 Bodin,
2409 2413 2565 2458 ὁπόσα
2596 2411 2653 2470 δὴ
2668 2413 2898 2459 vArnim.

515 2488 630 2534 410.
665 2484 748 2534 *θ’
788 2483 894 2552 ἅμ’]
933 2490 1035 2536 ἴαν
1068 2490 1183 2538 οοᾶ.

528 2623 867 2681 404-409.
925 2627 1254 2684 Audivitne
1309 2625 1620 2683 Charisius

449 2717 801 2774 Smicrinem
857 2734 992 2775 cum
1052 2720 1364 2789 Pamphila
1417 2735 1618 2777 coram

449 2812 894 2878 spectatoribus
921 2842 996 2852 ·-
1019 2812 1080 2867 in
1105 2814 1414 2882 deperdita
1433 2814 1621 2883 igitur

446 2901 683 2958 fabulae
722 2906 896 2973 parte
943 2936 1004 2945 —
1055 2904 1496 2961 altercantem?
1525 2906 1622 2962 Sic

447 2994 633 3063 igitur
681 2998 1075 3053 statuendum
1121 2996 1200 3053 sit
1244 2998 1616 3067 Pamphilam

448 3086 508 3141 in
567 3102 749 3145 scena
800 3091 985 3148 verba
1037 3090 1282 3160 fecisse3
1339 3092 1495 3159 quod
1553 3094 1621 3147 ut

449 3180 576 3236 fleri
638 3182 871 3252 potuit,
932 3184 1021 3239 ita
1080 3184 1208 3239 veri
1263 3183 1469 3239 minus
1525 3188 1622 3239 est

456 3274 652 3329 simile
674 3270 736 3340 ¹).

531 3367 666 3423 408.
711 3370 838 3423 οὐδ’
878 3370 1048 3424 εἰπεῖν
1091 3370 1281 3437 καλόν]
1325 3385 1395 3423 ne
1437 3370 1624 3425 dicere

450 3459 678 3528 quidem
721 3461 866 3516 decet
890 3456 954 3526 2).

534 3553 668 3607 409.
707 3558 823 3606 τῶν
858 3556 1042 3618 λόγων
1077 3554 1250 3621 οἵους]
1287 3554 1357 3608 cf.
1397 3554 1622 3610 Aristo·

452 3643 719 3713 phanea:
777 3648 914 3711 ὅσας
954 3652 1071 3700 τῶν
1113 3647 1354 3713 ῥυτίδων
1389 3642 1452 3713 3),
1495 3652 1623 3701 πολ-

451 3740 580 3801 λοὺς
618 3742 736 3791 τῶν
777 3740 946 3792 λίθων
981 3734 1046 3809 4),
1087 3739 1221 3795 alia.

531 3831 666 3885 410.
725 3831 881 3887 Item
925 3832 987 3886 in
1031 3832 1264 3888 Heroe:
1309 3832 1362 3886 τί
1405 3833 1624 3895 κόπτεις

451 3927 556 3990 τὴν
608 3926 888 3992 κεφαλήν;
919 3921 964 3989 5)

531 4046 600 4055 -
642 4020 747 4084 τὴν
791 4022 1162 4085 κεφαλὴν....
1211 4019 1408 4085 αὑτοῦ]
1438 4018 1622 4073 etiam

455 4110 612 4176 apud
646 4094 1122 4179 Aristophanem
1147 4112 1320 4165 αὑτοῦ
1343 4125 1464 4166 non
1488 4125 1624 4166 raro

453 4201 540 4257 sic
581 4203 1004 4271 postponitur:
1055 4208 1160 4270 τὴν
1210 4206 1380 4270 φύσιν
1425 4206 1624 4269 αὑτοῦ,

453 4297 554 4348 τὸν
602 4297 802 4364 πατέρ’
844 4298 1036 4363 αὑτοῦ,
1085 4294 1201 4352 alia
1243 4296 1540 4352 eiusmodi
1560 4292 1622 4361 6).

457 4418 597 4424 ————
620 4419 661 4425 —
688 4418 890 4425 ———

1803 2629 1917 2685 411
1966 2642 2053 2695 sq.
2099 2629 2321 2693 λαβὼν.
2348 2669 2396 2680 ..
2444 2629 2719 2696 ήτύχηκα]
2763 2643 2895 2684 cum

1721 2723 2062 2792 accepissem
2096 2723 2161 2775 in
2194 2721 2634 2775 matrimonium
2654 2762 2667 2789 ‚
2703 2723 2893 2777 amisi.

1721 2814 1921 2869 Mente
1976 2814 2381 2881 supplendum
2442 2815 2537 2868 est
2602 2815 2773 2881 αἰνι-ῆς
2826 2816 2897 2870 ad

1720 2909 1991 2974 ήτύχηκα.
2050 2906 2203 2961 Nam
2244 2906 2533 2961 amissam
2571 2905 2694 2986 iam
2738 2905 2901 2961 ducit

1721 2998 2123 3069 Pamphilam,
2152 2999 2247 3054 cui
2270 3000 2504 3055 tantam
2533 2998 2739 3055 fecerit
2764 3013 2903 3055 con-

1721 3091 2052 3147 tumeliam.

1806 3183 1939 3238 412.
1984 3186 2049 3237 τὸ
2093 3185 2153 3237 δὲ
2192 3185 2384 3251 πέρας]
2428 3184 2575 3239 item
2621 3198 2809 3254 supra
2832 3179 2897 3250 ⁷).

1805 3276 1941 3331 413.
1984 3278 2144 3344 ποτέ]
2189 3276 2424 3331 tandem
2446 3272 2509 3341 8).

1808 3370 1939 3423 414.
1984 3369 2193 3435 τιλμός]
2239 3374 2356 3422 τῶν
2398 3374 2603 3437 τριχῶν
2625 3366 2688 3437 9).

1804 3490 1873 3499 -
1914 3462 2169 3525 ἔκστασις
2211 3462 2409 3528 συχνή]
2439 3460 2546 3519 i.e.
2578 3462 2681 3513 οὐκ
2711 3462 2897 3526 ὀλίγον

1722 3556 1848 3606 τινὰ
1910 3555 2113 3621 χρόνον
2178 3555 2509 3619 ἐξειστήκειν
2531 3548 2633 3619 1⁰),
2694 3556 2797 3607 οὐκ
2839 3556 2898 3607 ἐν

1725 3648 1929 3699 ἑαυτοῦ
1986 3650 2056 3713 ἦν
2084 3644 2170 3711 ¹¹).
2212 3646 2569 3715 Oppositum
2607 3648 2703 3701 est
2744 3661 2897 3700 συνε-

1725 3740 1955 3806 στάναι,
2019 3741 2177 3807 quod
2239 3738 2464 3806 legitur
2526 3740 2583 3793 in
2642 3739 2900 3795 Circum·

1724 3833 1907 3886 tonsa
1944 3828 2033 3896 12).

1804 3925 1941 3978 415.
1986 3923 2143 3978 Alibi
2186 3924 2453 3979 comicus
2496 3925 2733 3980 noster:
2785 3925 2901 3988 οἶος

1725 4020 1783 4070 δ’
1820 4018 2039 4072 ἀλαζών
2095 4020 2244 4070 ἐστιν
2295 4018 2571 4084 ἁλιτήριος
2593 4013 2680 4081 1³).
2726 4017 2899 4072 Utro·

1725 4110 1903 4179 bique
1940 4110 2143 4179 probri
2176 4109 2306 4165 loco
2335 4110 2551 4165 dicitur
2584 4123 2726 4179 vox,
2748 4124 2904 4177 quae

1725 4204 1967 4273 proprie
2008 4217 2148 4259 eum
2193 4202 2495 4271 significat
2535 4203 2635 4271 qui
2668 4202 2901 4271 piaculo

1723 4312 1781 4351 se
1821 4296 2150 4351 obstrinxit.

523 4472 562 4531 ι)
599 4476 675 4521 Of.
719 4487 839 4534 pag.
886 4477 914 4521 8
961 4470 1079 4520 init.
1128 4500 1184 4507 -
1221 4469 1264 4532 ²)
1303 4472 1436 4519 Item
1475 4487 1594 4521 noa:
1631 4473 1734 4520 niet
1768 4488 1841 4520 om
1878 4476 1926 4519 te
1957 4488 2146 4535 zeqqen.
2184 4500 2243 4508 —
2278 4471 2319 4531 ²)
2356 4474 2438 4520 Ar.
2475 4473 2611 4520 Plut.
2651 4473 2796 4519 1051.
2836 4497 2895 4506 -

454 4538 498 4599 ⁴)
554 4545 636 4591 Ar.
689 4542 841 4602 vesp.
899 4543 1009 4589 199.
1061 4567 1126 4576 —
1176 4540 1219 4599 ⁶)
1274 4541 1394 4587 Her.
1449 4544 1496 4589 4.
1543 4566 1606 4575 ——
1650 4537 1692 4597 ο)
1739 4540 1816 4588 Cf.
1866 4543 1949 4589 Ar.
1996 4542 2127 4589 Ναὶ).
2164 4543 2279 4587 515.
2318 4566 2375 4575 -
2416 4538 2458 4601 7)
2492 4538 2570 4587 Cf.
2605 4552 2679 4587 vs.
2718 4541 2798 4587 70.
2837 4567 2897 4574 -

455 4606 498 4665 ⁸)
536 4610 612 4657 Of.
651 4622 724 4656 va.
761 4611 874 4657 227.
913 4636 975 4644 —
1011 4605 1052 4662 ο)
1088 4606 1164 4655 Cf.
1201 4608 1320 4654 Her.
1359 4610 1404 4654 ὅ.
1441 4632 1507 4641 -
1543 4605 1604 4659 ¹⁰»
1642 4608 1716 4656 Cf.
1755 4610 1893 4655 Sam.
1931 4612 2012 4665 64,
2048 4610 2163 4656 275.
2200 4634 2260 4643 —
2302 4603 2361 4666 ¹¹)
2398 4604 2473 4654 Cf.
2509 4608 2646 4655 Sam.
2686 4608 2799 4654 125.
2834 4633 2899 4643 -

458 4671 516 4736 ¹²)
551 4679 798 4726 circuunt.
840 4679 956 4726 278.
996 4702 1055 4711 —
1097 4671 1160 4733 ¹³)
1193 4676 1330 4723 Men.
1367 4676 1427 4722 fr.
1465 4672 1601 4723 563⁴.
