3519 5416
616 605 645 662 1
662 604 739 664 18
1714 614 1944 660 sama.

606 789 867 851 facinus
925 788 1123 865 celat,
1190 804 1324 850 non
1382 788 1673 850 ostendit
1733 802 1810 848 se
1854 787 2274 864 perspexisse
2319 787 2651 864 fraudem,
2697 788 2815 849 sed
2861 804 3065 851 causa

606 904 963 966 interserta
1030 903 1422 977 Chrysidem
1492 918 1647 964 cum
1714 901 1968 965 infante
2035 917 2122 963 ex
2189 902 2464 964 aedibus
2530 901 2745 980 pellit,
2809 917 2977 977 quae
3023 918 3064 966 a

607 1018 912 1080 Nicerato
948 1018 1228 1080 comiter
1264 1018 1595 1094 recipitur.
1636 1017 1789 1077 Mox
1829 1031 2058 1078 verum
2098 1015 2350 1078 Demea
2376 1016 2573 1078 discit
2594 1031 2631 1078 e
2655 1016 3058 1096 Moschione,

609 1133 759 1194 dein
827 1148 977 1194 cum
1049 1132 1356 1194 Nicerato
1426 1131 1894 1194 confabulatus
1963 1132 2223 1207 partem
2284 1130 2427 1192 veri
2485 1130 2641 1193 huic
2699 1131 2878 1194 dicit.
2941 1131 3062 1209 Qui

607 1247 832 1308 audito
878 1262 1070 1308 suam
1118 1247 1330 1323 ipsius
1374 1245 1581 1308 filiam
1624 1245 1818 1307 illum
1855 1245 2181 1307 infantem
2216 1246 2580 1323 peperisse,
2621 1246 2852 1308 vivum
2890 1261 3062 1308 com·

607 1362 838 1423 burere
886 1361 1031 1423 vult
1076 1362 1414 1424 dedecoris
1459 1362 1725 1437 pignus,
1773 1361 1937 1422 furit
1978 1360 2047 1422 in
2100 1358 2340 1437 filiam,
2387 1361 2456 1420 in
2501 1375 2811 1437 uxorem,
2861 1359 3061 1436 Chry·
3101 1347 3106 1351 ’
3149 1422 3159 1427 -

606 1475 821 1536 sidem
860 1476 1298 1552 persequitur.
1338 1476 1587 1538 Demea
1623 1476 1848 1537 autem
1887 1489 2157 1551 operam
2191 1474 2307 1535 dat
2336 1476 2412 1536 ut
2433 1474 2725 1536 Nicerati
2747 1475 3064 1536 rusticius

603 1589 1000 1652 insanientis
1034 1590 1220 1651 sedet
1254 1562 1589 1667 animum:
1628 1590 1896 1666 nuptias
1935 1604 2085 1651 cum
2125 1588 2459 1665 Plangone
2492 1588 2817 1650 initurum
2836 1596 3066 1653 tamen

606 1704 1052 1766 Moschionem
1098 1704 1464 1765 asseverat.
1512 1704 1639 1765 Hic
1681 1702 1884 1765 finem
1931 1703 2131 1767 habet
2177 1702 2630 1779 fragmentum
2675 1703 3065 1765 secundum.

695 1818 1005 1893 Sequitur
1062 1820 1289 1879 minus
1347 1819 1681 1893 amplum3
1742 1818 1917 1880 unde
1977 1818 2299 1879 discimus
2357 1817 2836 1894 Moschionem,
2891 1820 3065 1894 post·

605 1948 808 2008 quam
879 1934 1250 2008 composita
1316 1935 1473 1993 sunt
1533 1933 1786 2009 omnia,
1852 1932 2066 2008 primo
2128 1931 2396 2005 quidem
2455 1946 2854 2007 magnopere
2915 1948 3065 1994 esse

604 2047 961 2124 laetatum,
1028 2047 1145 2109 sed
1212 2062 1375 2108 mox
1441 2047 1772 2122 indignari
1842 2046 2159 2123 coepisse.
2231 2046 2416 2111 Talia
2483 2045 2750 2108 scilicet.
2804 2048 3064 2123 patrem

606 2162 687 2223 de
753 2177 825 2223 se
892 2161 1218 2239 suspicari
1283 2162 1581 2239 potuisse
1649 2161 2154 2236 aliquantisper!
2211 2159 2470 2223 ‘Senem
2535 2161 2769 2223 ulcisci
2835 2175 3061 2222 secum

604 2277 929 2339 decernit:
992 2276 1166 2338 dicet
1223 2276 1487 2338 taedere
1546 2277 1679 2337 iam
1744 2274 2160 2353 nuptiarum,
2209 2274 2278 2336 in
2323 2274 2718 2351 longinquas
2760 2276 3066 2351 regiones

604 2407 679 2453 se
740 2389 1106 2467 abiturum,
1169 2392 1278 2452 ubi
1338 2391 1619 2466 militet;
1681 2390 1858 2453 nolle
1918 2391 2123 2452 etiam
2186 2392 2586 2453 commorari
2643 2392 2816 2452 inter
2873 2405 3068 2475 suos,

604 2506 847 2580 quibus
904 2507 1047 2568 tam
1110 2506 1435 2567 scelestus
1487 2506 1919 2581 impurusque
1966 2506 2167 2566 homo
2213 2506 2306 2567 sit
2353 2486 2560 2566 visus.
2606 2505 2873 2568 Patrem
2916 2508 3064 2570 tum

604 2621 909 2697 precibus
952 2636 1026 2681 se
1071 2620 1412 2682 aditurum
1455 2620 1608 2697 scit,
1656 2620 1917 2682 exorari
1961 2620 2236 2681 tandem
2281 2634 2356 2681 se
2399 2634 2720 2695 passurus
2765 2622 2896 2699 est,
2944 2635 3068 2684 nec

604 2736 797 2801 facile
842 2735 991 2797 dein
1036 2751 1246 2798 senex
1289 2739 1433 2797 tam
1477 2737 1699 2810 inique
1748 2736 1827 2797 de
1871 2750 1947 2797 se
1990 2735 2309 2797 iudicabit
2354 2736 2620 2796 iterum.

696 2851 821 2912 Hic
880 2849 1100 2912 deficit
1156 2850 1606 2925 fragmentum
1653 2850 1929 2912 tertium
1973 2852 2117 2912 sive
2161 2850 2501 2914 ultimum.
2549 2849 2781 2912 Finem
2825 2851 3065 2916 fecisse

603 2965 872 3040 nuptias
915 2964 1314 3026 Moschionis
1360 2979 1511 3027 cum
1559 2965 1894 3040 Plangone
1939 2980 2054 3040 per
2098 2979 2172 3026 se
2209 2963 2634 3038 intellegitur.
2674 2964 3062 3042 Chrysidem

605 3081 861 3154 autem,
924 3079 1217 3155 optimae
1278 3079 1519 3140 indolis
1579 3078 1873 3155 puellam
1935 3079 2260 3154 Samiam,
2309 3078 2597 3154 ingenuo
2645 3077 2789 3140 loco
2833 3083 3065 3142 natam

603 3191 812 3253 fuisse
880 3196 973 3269 et,
1048 3207 1200 3254 cum
1269 3208 1310 3254 a
1377 3208 1497 3254 suo
1567 3195 1755 3269 patre
1826 3193 2055 3267 agnita
2121 3193 2328 3266 esset,
2400 3192 2576 3254 iusto
2635 3193 3066 3256 matrimonio

602 3307 897 3367 iunctam
944 3322 1096 3368 esse
1138 3307 1451 3383 Demeae,
1497 3307 1825 3381 suspicari
1868 3306 2024 3369 licet
2068 3306 2379 3384 fortasse,
2431 3307 2888 3370 demonstrare
2933 3323 3066 3370 non

604 3435 985 3495 possumus.

1686 3519 1976 3526 -Ἥ

692 3672 768 3733 In
830 3671 1073 3733 codicis
1134 3643 1533 3746 fragmentis
1590 3687 1804 3746 neque
1867 3670 2129 3731 fabulae
2190 3686 2435 3733 nomen
2497 3674 2839 3733 servatum
2885 3673 2991 3733 est
3019 3665 3065 3742 ¹)

603 3802 817 3861 neque
876 3789 1350 3863 argumentum
1405 3785 1786 3862 metricum,
1839 3800 2050 3860 neque
2095 3785 2300 3847 index
2342 3800 2805 3863 personarum,
2853 3801 3066 3860 neque

602 3900 866 3962 fabulae
924 3916 1084 3980 pars,
1144 3901 1340 3976 prior.
1411 3899 1657 3961 Deesse
1724 3898 2035 3961 videntur
2094 3902 2286 3961 actus
2344 3901 2600 3976 primus
2664 3902 2848 3962 totus
2909 3915 3065 3961 cum

604 4015 786 4075 chori
831 4015 1105 4075 introitu
1155 4018 1223 4075 et
1266 4013 1534 4074 initium
1576 4015 1766 4074 actus
1806 4013 2102 4091 secundi,
2145 4014 2398 4089 aliquot
2432 4015 2636 4090 igitur
2671 4014 2822 4076 folia
2863 4015 3062 4076 inter·

604 4129 842 4190 cidisse
888 4131 1042 4188 ante
1088 4127 1375 4203 primum
1426 4127 1882 4202 fragmentum
1928 4128 2230 4189 arbitror.
2327 4113 2332 4118 ⁸

694 4240 886 4302 Solus
932 4255 1111 4301 nunc
1158 4241 1228 4300 in
1273 4241 1620 4315 proscenio
1668 4243 1976 4302 versatur
2025 4241 2353 4304 Demea.

670 4447 712 4511 ¹)
746 4451 925 4510 Neque
974 4463 1190 4512 prorsus
1241 4452 1447 4498 constat
1490 4463 1706 4506 nomem
1755 4453 1836 4498 est
1883 4453 2057 4498 tamen
2106 4453 2216 4499 veri
2264 4449 2606 4500 simillimum.
2647 4452 2886 4499 Debetur
2920 4448 3064 4498 felici

601 4532 934 4579 coniecturae
978 4529 1269 4594 Lefeburii,
1316 4532 1406 4591 qni
1445 4528 1720 4590 Chrysidis
1752 4531 1967 4590 puellae
2000 4531 2209 4580 Samiae
2246 4530 2337 4592 (cf.
2371 4545 2448 4578 vs.
2484 4533 2567 4590 50,
2603 4531 2724 4590 139)
2756 4543 2974 4594 magnas
3005 4531 3062 4577 in

600 4610 685 4657 his
730 4611 1038 4670 fragmentis
1083 4613 1261 4672 partes
1306 4624 1427 4659 esse
1472 4609 1788 4666 observavit,
1835 4607 2044 4658 Samiae
2089 4615 2263 4658 autem
2300 4609 2574 4659 Menandri
2607 4611 2820 4659 fabulae
2854 4609 3066 4658 aliunde

604 4687 875 4750 cognitum
912 4704 1029 4738 esse
1064 4704 1293 4750 nomen.
