3519 5416
1532 601 1890 648 APPENDIX.
2817 590 2940 649 165

578 774 895 848 Hesychii
938 774 1168 834 verba:
1212 771 1509 849 τρόφιμον
1544 772 1820 842 (herilem
1841 773 2070 847 filium)
2104 772 2606 852 <Μέν>ανδρος
2635 774 2946 858 Δακτυλίῳ

488 887 609 958 (sic
644 887 1003 961 [ernstedt‚
1048 887 1128 947 of.
1171 886 1399 946 Nauck
1441 886 1585 946 Mel.
1627 885 1734 946 Gr.
1776 886 1851 946 R.
1880 886 1969 945 Vl
1994 902 2055 962 p.
2089 888 2236 958 109)
2263 887 2542 949 libenter
2566 887 2941 949 rettulerim

482 1001 570 1066 ‚ad
632 1004 928 1061 nostram
988 998 1314 1075 fabulam,
1380 1015 1447 1060 1n
1510 1015 1641 1072 qua
1688 1002 1755 1059 et
1803 1000 2115 1074 frequens
2162 1003 2452 1062 nominis
2499 1001 2797 1081 τροφίμου
2846 1002 2948 1061 est

488 1129 652 1175 usus
711 1115 816 1185 (cf.
868 1129 966 1175 vs.
1022 1114 1172 1183 160)
1218 1117 1289 1174 et
1340 1114 1576 1174 anulus
1631 1111 1834 1174 efficit
1883 1116 1958 1174 ut
2004 1112 2122 1174 fiat
2171 1117 2443 1190 agnitio.
2493 1116 2940 1177 Temerarium

488 1231 712 1290 tamen
773 1230 974 1290 fuerit
1033 1229 1429 1290 contendere
1478 1230 1607 1290 duo
1656 1230 1854 1290 unius
1900 1228 2168 1290 fabulae
2215 1231 2421 1291 fuisse
2470 1231 2740 1291 nomina
2775 1225 2945 1288 Ἐπι-

489 1339 817 1422 τρέποντας
886 1346 952 1404 et
1024 1342 1383 1418 Δακτύλων,
1443 1343 1764 1417 quoniam
1835 1358 1921 1403 ex
1988 1344 2209 1404 Anulo
2277 1343 2505 1405 fabula
2571 1345 2772 1405 etiam
2835 1344 2947 1405 alii

490 1471 728 1517 versus
791 1456 1157 1517 afferuntur
1220 1456 1491 1529 quidam
1553 1457 1724 1531 apud
1773 1459 2069 1531 veteres,
2120 1458 2229 1531 qui
2276 1459 2342 1518 in
2389 1459 2582 1519 novis
2628 1458 2734 1518 his
2777 1459 2943 1534 frag-

493 1570 736 1631 mentis
782 1586 911 1631 non
960 1570 1416 1630 inveniuntur.

582 1820 769 1880 Hanc
836 1819 1132 1879 fabulam
1208 1820 1271 1879 et
1340 1819 1453 1879 alii
1505 1822 1946 1894 respexerunt
2005 1821 2181 1880 inter
2242 1824 2503 1881 veteres
2561 1821 2943 1897 scriptoreS,

490 1949 655 2007 quos
715 1934 1034 1995 indicavit
1094 1934 1309 2009 Kock,
1374 1936 1443 1994 et
1504 1933 1847 1994 Choricius
1895 1934 2084 2009 Apol.
2136 1934 2336 2009 Mim.,
2387 1934 2576 1996 ouius
2616 1935 2818 1996 verba
2863 1936 2945 1995 ad

477 2041 945 2125 ‘I’aossohpaiov
994 2047 1226 2107 attulit
1272 2047 1454 2107 Kock
1502 2047 1692 2117 (Men.
1740 2047 1818 2107 fr.
1869 2048 2043 2116 494).

580 2297 855 2356 Frustra
916 2297 1195 2357 conatus
1256 2309 1407 2355 sum
1470 2294 1622 2355 huie
1679 2295 1945 2356 fabulae
2006 2295 2320 2371 adaptare
2384 2296 2720 2357 Menandri
2775 2297 2944 2372 frag-

489 2414 821 2486 mentum,
870 2409 1041 2484 quod
1089 2409 1343 2484 primus
1390 2408 1593 2468 edidit
1638 2406 1842 2469 Cobet
1888 2409 1956 2469 in
1998 2410 2314 2471 Haemos,
2363 2411 2533 2471 1876
2576 2415 2681 2481 (=
2716 2394 2954 2486 adesp.

486 2524 565 2585 fr.
635 2520 1232 2600 114†Menandr.
1295 2518 1783 2598 530†adesp.
1853 2523 2000 2600 105,
2067 2524 2164 2584 sic
2224 2524 2532 2586 videlicet
2592 2539 2632 2584 a
2691 2524 2940 2585 Kockio

489 2653 834 2715 perperam
896 2638 1202 2715 divulsa),
1266 2637 1414 2697 dein
1464 2636 1797 2697 Iernstedt
1834 2653 2006 2697 anno
2059 2639 2224 2699 1891
2276 2639 2344 2697 in
2392 2638 2650 2699 observ.
2701 2638 2830 2714 pal.
2877 2640 2945 2698 et

491 2753 651 2829 phil.
711 2753 790 2813 ad
837 2753 918 2818 fr.
966 2768 1133 2813 com.
1184 2751 1322 2812 Att.
1370 2752 1646 2821 (russice
1691 2752 1985 2827 scriptis)
2032 2767 2092 2827 p.
2143 2754 2227 2813 54
2275 2768 2417 2826 sqq.
2469 2755 2535 2813 et
2588 2754 2711 2813 175
2762 2769 2939 2827 sqq.;

491 2868 595 2928 hic
649 2870 875 2928 tamen
936 2867 1260 2927 excudere
1322 2866 1546 2926 visum
1616 2867 1746 2941 est,
1819 2867 2174 2941 postquam
2238 2864 2466 2926 Cobeti
2528 2866 2942 2940 aliorumque

492 2983 559 3041 et
618 2981 787 3041 meis
847 2981 1056 3055 ipsius
1117 2979 1514 3040 coniecturis
1574 2994 1738 3038 usus
1799 2994 2000 3052 quam
2063 2983 2366 3054 poteram
2414 2978 2945 3055 probabilissime

490 3094 828 3155 constitui.
897 3093 1066 3154 Nam
1137 3093 1217 3153 ad
1290 3092 1802 3168 Superstitiosum
1868 3091 2163 3153 fabulam
2226 3094 2396 3167 quod
2460 3093 2720 3155 rettulit
2784 3094 2945 3153 haec

491 3206 717 3284 Cobet,
768 3207 1146 3268 coniectura
1191 3210 1299 3268 est
1343 3207 1625 3267 minime
1673 3209 1854 3267 certa
1903 3202 1966 3277 ¹).

580 3319 994 3394 colloquium
1045 3323 1152 3381 est
1195 3320 1372 3380 servi
1419 3320 1699 3380 alieuius
1746 3334 1900 3381 cum
1948 3317 2084 3380 filio
2131 3319 2342 3381 herili.

1498 3558 1929 3618 ΘΕΡΑΠΩΝ.

852 3731 866 3747 .
897 3707 1012 3747 ,ατ
1038 3730 1323 3748 .......
1384 3718 1457 3728 --
1513 3718 1592 3727 —
1643 3718 1726 3726 —
1783 3718 1861 3728 —
1918 3683 2223 3761 [τήμερον]

848 3809 974 3871 πῶς
1022 3797 1173 3860 εἰσιν
1222 3798 1286 3859 οἱ
1328 3796 1514 3878 πυροὶ
1563 3792 1723 3879 [παρ’
1776 3794 1923 3876 ἡμῖν
1972 3796 2199 3871 dimon]

560 4011 607 4065 2,
653 4008 701 4065 5,
750 4012 827 4056 11.
875 4011 1152 4069 Supplevit
1197 4008 1379 4071 Cobet,
1411 4010 1536 4056 item
1577 4009 1775 4056 15—17
1815 4009 1934 4055 eoil.
1970 4010 2129 4055 Marc.
2164 4012 2281 4054 Ant.
2317 4010 2364 4069 5,
2405 4008 2485 4064 12,
2521 4009 2646 4054 item
2683 4009 2875 4054 25—31
2921 4025 2945 4051 o

491 4086 741 4135 Ciement.
788 4090 822 4136 Ι.
852 4089 913 4146 Ι.;
961 4089 1052 4136 ubi
1091 4090 1302 4136 codices
1348 4102 1426 4137 vs.
1471 4090 1534 4135 25
1582 4102 1661 4147 sq.
1696 4088 1896 4135 habent
1929 4090 2168 4149 φιλιάζειν,
2204 4088 2418 4135 Grotius
2453 4085 2506 4133 id
2543 4084 2811 4147 supplevit
2845 4085 2945 4129 siu:

491 4168 679 4223 Φειδία,
710 4168 718 4228 Ι
749 4171 912 4228 ζητοῖν,
947 4169 1190 4227 equidem
1225 4166 1463 4230 *quiam
1495 4165 1504 4232 Ι
1534 4171 1680 4229 §metr
1716 4168 1838 4214 dedi
1875 4169 2066 4228 potine.

560 4457 716 4518 ¹)1ta
766 4460 1030 4508 statuendi
1083 4460 1279 4507 Oobeto
1325 4461 1456 4507 haee
1508 4461 1609 4506 fuit
1658 4473 1832 4516 causa,
1883 4460 2023 4518 quod
2087 4459 2327 4506 Clemens
2385 4457 2555 4504 locum
2607 4456 2865 4516 quendam
2923 4471 2945 4499 o

492 4526 871 4586 Superstitioso
918 4528 1113 4585 rabula,
1162 4532 1217 4575 et
1261 4541 1397 4588 mox,
1443 4528 1628 4586 paneis
1672 4525 2020 4587 interpositis,
2064 4527 2229 4574 nostri
2277 4525 2558 4584 fragmenti
2603 4537 2676 4572 vs.
2725 4524 2788 4570 25
2835 4540 2947 4580 sqq.

492 4594 673 4643 attulit
716 4596 929 4654 (Sti-om.
977 4596 1074 4643 VII
1118 4598 1145 4641 4
1194 4597 1222 4655 ξ
1265 4596 1327 4641 22
1364 4598 1417 4641 et
1453 4593 1557 4658 27).
1594 4595 1854 4654 Equidem
1892 4594 1957 4642 ad
1996 4593 2311 4641 &thari-nam
2349 4594 2582 4642 fabulam
2619 4591 2943 4639 referendum

494 4677 610 4712 esse
644 4663 743 4711 hoe
779 4664 1129 4724 fragmentum
1166 4663 1420 4723 suspicor.
