3519 5416
599 559 683 618 72
1569 571 2067 616 DISGEPTANTES.

1581 742 2069 803 ΟΝΗΣΙΜΟΣ.

601 859 732 920 525
1042 851 1120 935 ,,ἧ
1168 855 1354 933 φύσις
1398 849 1703 935 ἐβούλεθ’,
1745 849 1787 940 ᾗ
1832 854 2041 934 νόμων
2086 851 2270 916 οὐδὲν
2315 852 2492 933 μέλει·

1044 967 1237 1052 ηγυνὴ
1288 966 1342 1030 δ’
1395 965 1478 1031 ἐπ’
1532 970 1694 1054 αὐτῷ
1742 964 1887 1054 τῷδ’
1938 967 2109 1047 ἔφυς.

1571 1161 2087 1220 ΣΜΙΚΡΙΝΗΣ.

2157 1273 2243 1352 τί,
2287 1282 2485 1354 μῶρος
2532 1267 2615 1348 εἶ;

1584 1439 2071 1499 ΟΝΗΣῙΜΟΣ.

1044 1551 1332 1634 τραγικὴν
1379 1551 1492 1634 ἐρῶ
1541 1571 1638 1615 σοι
1682 1552 1860 1634 ῥῆσιν
1904 1551 1965 1626 ἐξ
2013 1550 2226 1633 Αὐγῆς
2271 1550 2440 1632 ὅλην,

1042 1665 1120 1730 ἂν
1168 1663 1368 1748 μηκέτ’
1422 1667 1644 1753 αἴσθῃ,
1688 1668 2012 1748 Σμικρίνη.

1571 1857 2089 1917 ΣΜΙΚΡῙΝΗΣ.

2068 1972 2145 2033 σύ
2192 1993 2296 2050 μοι
2340 1968 2525 2050 χολὴν

1045 2091 1231 2160 κινεῖς
1276 2086 1754 2164 παθαινόμενος.
1804 2121 1885 2133 —-
1936 2085 2013 2148 σὺ
2057 2084 2172 2168 γὰρ
2218 2080 2433 2168 σφόδρ’
2484 2079 2649 2148 οἶσθ’
2702 2085 2737 2148 ὅ
2779 2111 2835 2148 τι

604 2203 734 2262 530
1045 2193 1226 2274 οὗτος
1272 2197 1427 2281 λέγει
1474 2209 1624 2275 νῦν;

666 2425 764 2471 525
799 2429 906 2484 sq.⁸
937 2427 993 2470 et
1026 2423 1123 2470 52⁷
1161 2428 1268 2482 οφ·
1302 2420 1467 2470 *Dedi
1502 2423 1766 2481 Onesinm,
1798 2424 1910 2471 Les.
1947 2424 2265 2483 sophi-onae.

669 2504 784 2551 528.
819 2500 1035 2563 *unx-'ss
1080 2517 1240 2562 μηποτ
1286 2502 1420 2560 eod„
1463 2503 1570 2549 sed·
1603 2516 1668 2549 uo
1709 2506 1882 2550 eei-tas
1924 2515 2027 2549 non
2073 2515 2190 2550 esse
2226 2502 2431 2550 litteras
2463 2500 2650 2550 scribit
2680 2502 2813 2561 Les„
2841 2507 2907 2562 μή
2940 2503 3043 2550 ποτ’

599 2584 762 2632 edens
793 2583 924 2642 ipse.

669 2663 782 2711 ⁵29.
818 2656 1226 2723 *παθαινόμενοῄ
1261 2660 1594 2721 παθαινομᾶνη
1627 2660 1741 2707 Les.
1778 2672 1896 2708 oum
1933 2660 2049 2708 ood.

669 2743 785 2789 530.
821 2737 954 2795 οὗτος
985 2739 1196 2801 Nioole]
1231 2775 1244 2787 .
1263 2775 1274 2787 .
1293 2757 1382 2788 ..σ
1409 2741 1542 2799 eod„
1575 2740 1717 2795 αὐτὸς
1748 2741 1865 2789 Les.

684 2946 821 3002 525.
874 2944 1199 3016 HeracleS,
1255 2946 1327 3001 ut
1387 2944 1541 3003 alter
1582 2945 1778 3003 Chari—
1876 2961 2126 3003 versum
2168 2947 2338 3004 dixit.
2382 2947 2493 3016 Qui
2538 2947 2816 3004 trimeter
2858 2949 2922 3005 et
2949 2962 3047 3003 an·

609 3041 766 3111 sius,
837 3053 976 3096 cum
1039 3040 1101 3093 in
1160 3038 1453 3095 Arcadiae
1511 3039 1780 3107 quadam
1877 3040 2055 3097 tehac
2122 3042 2312 3097 notus
2388 3042 2575 3109 atque
2636 3040 2836 3097 clarus
2896 3041 3048 3097 adeo

602 3133 751 3190 urbe
803 3132 1036 3188 festum
1089 3130 1399 3187 Minervae
1454 3131 1779 3190 celebrare·
1874 3132 1994 3189 fuit
2012 3130 2089 3203 2),
2134 3134 2242 3189 sed
2283 3148 2449 3190 nunc
2484 3135 2755 3204 demum,
2792 3133 3049 3203 repertis

602 3227 725 3296 tur,
782 3225 1047 3294 appotus
1108 3224 1232 3279 vim
1292 3224 1504 3280 intulit
1564 3226 1780 3294 Augae

603 3318 735 3375 Alei
789 3317 953 3387 regis
1009 3316 1198 3387 filiae,
1241 3316 1546 3374 Minervae
1588 3332 1778 3375 saeer-

602 3413 758 3481 doti,
816 3411 1066 3467 choreas
1120 3409 1182 3465 in
1226 3410 1540 3467 nocturnis
1585 3410 1779 3468 saeris

602 3503 892 3573 agitanti,
961 3504 1024 3559 et
1098 3503 1281 3559 huius
1337 3502 1484 3559 furti
1547 3506 1777 3561 testem

604 3598 658 3653 ei
731 3596 974 3665 reliquit
1048 3596 1322 3655 anulum.
1399 3596 1563 3663 Quae
1638 3611 1779 3653 eum

603 3690 855 3758 gravida
913 3688 1074 3745 facta
1134 3689 1334 3759 esset,
1398 3688 1551 3745 clam
1605 3703 1777 3759 pepe-

602 3782 714 3851 rit,
777 3784 849 3839 ut
909 3780 1225 3851 Pamphila
1278 3782 1524 3851 nostra,
1582 3782 1779 3851 patris

601 3874 757 3931 iram
799 3874 1008 3932 verita.
1053 3873 1353 3930 Hercules
1398 3874 1472 3929 ad
1516 3889 1652 3931 eam
1693 3889 1777 3931 re-

603 3968 845 4037 gionem
889 3968 1090 4023 denuo
1131 3966 1370 4022 delatus
1414 3981 1552 4022 cum
1593 3967 1666 4023 de
1707 3983 1781 4024 ea

602 4075 667 4116 re
720 4074 798 4116 ex
854 4058 1038 4115 anulo
1095 4060 1449 4115 admonitus
1507 4062 1677 4116 esset
1699 4056 1778 4130 1),

603 4154 840 4222 patrem
879 4166 946 4207 se
983 4151 1235 4207 infantis
1268 4151 1587 4221 professus
1618 4152 1781 4209 hunc

1877 3228 2128 3283 nostrae
2201 3226 2439 3283 fabulae
2509 3225 2875 3295 fragmentis
2893 3268 2907 3297 ,
2976 3226 3050 3283 ad

1879 3319 2097 3387 Augen
2138 3321 2350 3375 drama
2389 3319 2599 3377 referri
2634 3321 2864 3389 potest.
2905 3320 3049 3376 Gau-

1878 3412 2132 3469 sabatur
2203 3412 2391 3481 igitur
2466 3412 2759 3469 Hercules
2822 3412 3047 3483 Euripi·

1877 3506 2025 3561 deus
2081 3508 2182 3570 τὰς
2234 3512 2335 3574 τῆς
2390 3508 2617 3573 φύσεως
2658 3508 2931 3573 ἀνάγκας,
2976 3506 3049 3562 de

1876 3598 2095 3667 quibus
2172 3598 2579 3668 disserentem
2656 3599 3050 3655 meminimus

1874 3690 2186 3747 Iniustum
2220 3691 2389 3747 illum
2412 3694 2717 3748 oratorem
2738 3691 2801 3747 in
2821 3691 3051 3748 Aristo-

1877 3784 2097 3853 phanis
2140 3785 2418 3841 Nubibus
2442 3781 2503 3853 3).
2536 3784 2813 3841 Addebat
2840 3786 3048 3841 autem

1875 3879 1977 3931 τὸν
2020 3879 2173 3932 οἶνόν
2216 3881 2243 3933 ἑ
2287 3880 2551 3947 ἐκστῆσαι
2574 3874 2637 3946 4).

1958 3970 2094 4024 526.
2138 3969 2363 4027 Similis
2406 3971 2584 4028 dictio
2628 3974 2725 4029 est
2768 3972 3051 4028 versiculi

1876 4062 2249 4119 Menandrei:
2296 4066 2383 4119 ἐπὶ
2423 4066 2587 4118 τοῦτ’
2619 4066 2879 4132 ἐγένοντο
2913 4067 3050 4120 πάν-

1875 4170 1992 4218 τες·
2039 4156 2231 4209 ἐνθάδ’
2270 4160 2475 4223 ἥξομεν
2504 4153 2569 4224 5).

672 4449 711 4513 ¹)
747 4452 824 4498 De
864 4453 1042 4511 Augae
1086 4452 1400 4512 Euripidem
1441 4456 1747 4513 argumento
1784 4456 1851 4503 ef.
1887 4456 2256 4505 vWilamowitz
2290 4456 2436 4505 Anal.
2471 4459 2593 4506 Eur.
2630 4472 2680 4519 p.
2720 4461 2816 4507 189
2851 4458 3055 4520 (attulit

602 4519 810 4578 Bodin).
865 4545 925 4554 —
979 4516 1023 4579 ²)
1056 4519 1177 4567 Eur.
1225 4520 1286 4566 fr.
1342 4521 1458 4575 912,
1509 4521 1600 4569 ubi
1649 4522 1795 4569 allati
1840 4524 1946 4571 vid.
2000 4524 2393 4573 Anaxandridas
2436 4522 2526 4588 (fr.
2574 4528 2679 4589 ⁶7),
2729 4528 3052 4585 Atistoteles,

603 4589 983 4645 Aristaenetus,
1018 4588 1286 4649 Aelianus,
1319 4588 1508 4635 Sextus
1541 4590 1860 4653 Empiricos,
1892 4589 2117 4650 Cyrinus
2150 4605 2358 4641 versum
2392 4591 2754 4656 respioientes.
2788 4620 2855 4630 —
2888 4590 2934 4658 ⁸)
2968 4597 3054 4644 Ar.

605 4654 740 4705 Nub.
780 4655 908 4703 10⁷5
943 4668 1059 4714 sqq.
1094 4681 1157 4689 -
1194 4650 1234 4714 ⁴)
1269 4655 1394 4702 Eur.
1429 4656 1490 4703 fr.
1528 4657 1642 4705 267.
1680 4683 1741 4692 —
1779 4655 1822 4717 ¹⁵)
1857 4660 1992 4707 Men.
2028 4661 2091 4707 fr.
2128 4662 2242 4709 815.
